3418 5340
787 387 999 450 ..54-

276 576 374 666 tbddp
408 576 461 658 π[ὰ
493 572 697 659 ιιαταΊλοιπα1
732 572 804 648 κτλ,
838 571 994 639 aerarium
1026 571 1121 652 plane
1151 570 1337 636 exhaustum
1366 573 1399 636 et
1427 554 1533 636 inse-⁴

278 689 448 774 quentibus
469 687 559 754 annis
581 685 683 754 denuo
705 683 858 768 inpletum
881 699 950 749 esse
972 680 1106 749 videtur.
1131 718 1170 728 -

433 797 500 866 Col.
522 797 565 863 ΙΙ.

369 910 420 976 Va.
442 911 472 976 5.
495 911 526 976 6.
550 913 578 974 7.
612 904 730 997 Ἄρχων
752 906 801 970 καὶ
824 905 1082 993 γυμνασίαρᾱος]
1104 901 1143 970 δι’
1167 905 1241 969 θλου
1258 902 1348 976 ἔτους
1363 903 1509 970 Φιλοπεί-

278 1023 337 1112 bqr
370 1019 559 1088 Φιλιοτείθου
592 1016 799 1104 11[ειραιευ’ς].
855 1017 943 1084 Idem
975 1015 1057 1083 infra
1089 1035 1136 1083 vs.
1165 1022 1206 1084 48
1241 1023 1509 1085 commemoratur:

279 1153 318 1202 ex
346 1136 482 1214 utroque
511 1149 604 1200 versu
633 1130 766 1198 inuicem
788 1129 976 1216 demotieum
1004 1127 1153 1213 efficitur3
1182 1148 1228 1196 vs.
1250 1133 1292 1195 48
1312 1130 1394 1196 enim
1421 1135 1509 1196 extat

281 1243 435 1311 Φιλιοτειθ
456 1287 655 1312 .......
678 1263 774 1311 arsos.
811 1277 855 1288 -
889 1241 950 1306 Pro
982 1239 1242 1330 γυμνασίαρ[χος]
1275 1245 1382 1324 potest
1414 1242 1510 1309 etiam

279 1354 416 1440 conpleri
438 1353 718 1442 popanordpmcb
748 1351 832 1435 quod
853 1352 970 1435 passim
996 1351 1155 1418 invenitur
1184 1351 1283 1429 (0.1.
1308 1356 1381 1419 270,
1405 1351 1510 1420 dail

279 1486 310 1552 p.
336 1471 422 1548 518),
444 1464 537 1532 sicuti
558 1482 616 1548 pro
638 1462 817 1552 ὁπλομάχος
837 1463 995 1546 reperitur
1016 1463 1111 1530 etiam
1137 1463 1316 1553 ὁπλομάχος
1344 1463 1510 1548 (Rangabd

280 1597 351 1662 pag.
375 1581 437 1644 713
460 1594 510 1642 no.
528 1579 599 1642 995.
644 1573 735 1642 Plato
757 1574 894 1659 Euthyd.
919 1579 981 1642 299
1005 1571 1055 1660 C).
1078 1611 1118 1623 -
1149 1574 1425 1658 Gymnasiarchos‚
1456 1576 1511 1658 qui

281 1688 409 1773 quidem
430 1688 464 1754 in
484 1685 579 1753 huius
602 1687 728 1770 generis
745 1686 847 1753 titulis
868 1685 1078 1767 inveniantur,
1101 1705 1224 1770 semper
1250 1706 1288 1753 ex
1318 1687 1510 1771 epheborum

282 1815 412 1866 numero
440 1815 510 1866 esse
538 1815 635 1881 supra
663 1797 726 1864 iarn
754 1797 1045 1865 demonstravimus.
1097 1797 1210 1881 Itaque
1238 1803 1328 1880 patet
1356 1799 1435 1866 illud
1461 1818 1510 1865 ar-

283 1909 405 1979 chontis
426 1927 540 1976 munus
562 1927 624 1976 non
646 1925 716 1976 esse
737 1907 913 1992 publicum,
941 1909 998 1976 sed
1021 1908 1204 1992 ephebicum
1234 1909 1392 1992 quoddam
1421 1929 1512 1978 voca·

283 2021 392 2090 bulum
414 2019 464 2088 vel
485 2020 621 2087 titulum.
666 2020 745 2087 Inde
767 2019 860 2086 simul
883 2018 1017 2088 efficitur
1039 2020 1123 2087 idem
1150 2021 1353 2088 statuendum
1381 2041 1450 2090 esse
1472 2023 1512 2088 de

284 2133 397 2202 ceteris
415 2131 654 2214 insequentibus
669 2131 911 2215 magistratuum
933 2131 1050 2209 titulis,
1073 2129 1262 2222 απραπαγός,
1286 2133 1400 2221 κῆρυξ,
1422 2133 1511 2216 βασι·

284 2244 371 2327 λεύς,
402 2241 615 2332 πολέμαρχος,
645 2241 845 2329 ἀγορανόμοι.
890 2243 981 2324 Quod
1003 2261 1040 2310 eo
1060 2249 1225 2325 praeterea
1247 2245 1457 2326 conprobatur
1479 2245 1511 2310 in

284 2360 394 2424 nostra
414 2353 617 2436 inscriptione
631 2354 716 2435 quod
737 2373 782 2421 vs.
800 2359 838 2420 12
862 2355 901 2422 de
922 2373 997 2438 rege
1012 2355 1142 2422 dieitur:
1167 2353 1302 2419 εἱστίασε
1318 2355 1390 2425 τοὺς
1404 2379 1510 2420 συνε-

284 2467 424 2554 φήβους.
464 2465 550 2532 Nihil
571 2465 720 2532 nimirum
742 2465 803 2532 nisi
825 2484 941 2532 uanum
962 2466 1120 2550 quoddam
1137 2466 1328 2550 epheborum
1342 2466 1512 2534 ludibrium
1628 2543 1629 2546 Ἴ
1694 2459 1695 2478 ’

284 2578 343 2646 hac
363 2577 451 2644 inre
473 2576 662 2644 cernendum
683 2579 745 2658 est,
776 2593 837 2658 quo
859 2577 1049 2658 reipublicae
1077 2578 1291 2644 institutiones
1312 2577 1427 2644 imitati
1455 2598 1511 2662 pu-

284 2689 435 2756 blioorum
451 2687 692 2770 magistratuum
714 2687 824 2754 titulos
839 2687 1071 2770 dignitatesque
1086 2688 1145 2755 sibi
1160 2671 1377 2756 adsumebant.
1411 2687 1513 2770 Saepe

285 2786 320 2866 in
344 2798 600 2883 inscriptionibus
621 2797 655 2864 hi
677 2797 770 2876 tituli,
793 2803 829 2864 ut
849 2799 895 2864 ita
917 2799 1027 2876 dicam,
1050 2806 1221 2869 occurrunt
1242 2807 1273 2869 et
1289 2820 1411 2884 semper
1432 2806 1517 2874 sunt,

284 2907 402 2978 iterum
432 2911 500 2993 aio,
534 2910 736 2992 epheborum.
781 2911 881 2992 Quod,
911 2911 1054 2994 quamuis
1077 2913 1318 2998 suspicarentur
1333 2913 1392 2978 viri
1424 2911 1518 2994 docti,

285 3042 356 3090 oum
384 3023 486 3090 adhuc
516 3023 655 3091 nondum
684 3022 834 3090 adcurate
856 3025 889 3088 et
911 3022 1049 3105 copiose,
1078 3023 1112 3090 id
1141 3028 1190 3091 est
1218 3024 1258 3091 de
1284 3024 1427 3091 omnibns
1449 3023 1518 3090 eius

284 3134 704 3219 generisinscriptionibus,
732 3133 980 3200 demonstratum
1001 3133 1060 3214 sit,
1090 3153 1223 3216 eumque
1245 3134 1372 3216 quidam
1395 3154 1434 3201 ex
1456 3135 1517 3200 illis

285 3245 490 3313 archontibus
505 3246 600 3313 etiam
617 3245 650 3310 in
671 3225 866 3329 publicorum
887 3244 1073 3312 archontum
1095 3264 1317 3328 eponymornm
1338 3244 1517 3328 catalogum

284 3356 428 3424 inmerito
464 3357 528 3423 sint
556 3358 674 3440 recepti
705 3361 801 3439 atque
831 3356 926 3423 etiam
952 3356 1006 3437 qui
1035 3357 1216 3423 adcuratius
1244 3357 1436 3452 epheborum
1466 3375 1518 3423 res

287 3468 498 3552 perspexisset
519 3469 780 3554 Dittenbergerus
809 3471 888 3536 duos
917 3489 955 3536 ex
983 3469 1045 3536 illis
1067 3469 1269 3536 archontibus
1286 3470 1387 3536 iustos
1402 3488 1513 3553 epony·

287 3597 354 3647 mos
375 3579 599 3663 intellegeret?
627 3601 665 3648 ex
685 3600 721 3648 re
741 3580 809 3648 sore
830 3581 966 3648 arbitror
989 3581 1085 3648 semel
1107 3580 1147 3647 de
1169 3598 1264 3647 aare
1286 3580 1400 3648 docere
1422 3580 1516 3648 adou-

287 3691 397 3758 ratiuS.
441 3692 478 3758 In
502 3690 565 3758 θιλ.
587 3693 613 3774 Ι,
638 3697 710 3774 518,
733 3696 751 3757 6
778 3691 898 3781 ἄρχων,
922 3691 1109 3780 στρατηγός,
1131 3692 1247 3779 κῆρυξ,
1268 3690 1436 3774 βασιλεύς,
1465 3684 1524 3754 ποέ

287 3802 443 3892 λέμαρχας
468 3805 573 3870 cuncti
594 3805 676 3872 inter
698 3805 834 3888 ephebos
856 3823 914 3886 per
935 3804 1037 3871 tribus
1060 3803 1228 3887 dispositos
1249 3804 1392 3870 redeunt.
1437 3803 1517 3869 Item
1557 3892 1559 3897 .
1694 3839 1695 3890 3

287 3913 320 3981 in
344 3911 406 3980 θιλ.
426 3915 481 3998 IV,
505 3921 624 3998 559,l
657 3913 864 4002 θεσμοθέται,
893 3915 954 3983 duo
984 3915 1170 3999 εἷςαμωγεῒς.
1211 3915 1291 3981 Item
1316 3915 1349 3981 in
1373 3912 1436 3980 Φιλ.
1460 3914 1516 3990 IV,

289 4031 361 4110 344,
385 4031 403 4092 2
426 4025 547 4116 ἄρχων,
578 4026 754 4116 στρατηγός
761 4073 771 4104 ,
794 4028 896 4116 κῆρυξ
902 4075 911 4108 ,
939 4025 1106 4110 βασιλεύς,
1138 4024 1350 4114 πολέμαρχος,
1379 4025 1518 4108 quinque
1694 4009 1695 4016 λ

288 4133 495 4224 θεσμοθέται,
527 4138 589 4204 (1υο
619 4137 802 4226 ἀστυνόμοι,
833 4139 895 4205 duo
926 4135 1127 4224 ἀγορανόμοι.
1151 4171 1191 4183 -
1214 4121 1296 4202 Item
1319 4136 1351 4202 in
1375 4133 1438 4199 Φιλ.
1461 4135 1516 4210 IV,

290 4251 361 4330 168,
384 4253 403 4315 3
433 4246 558 4338 ἄρχων,
588 4248 777 4337 στρατηγός,
804 4247 971 4332 βασιλεύς,
1000 4246 1205 4336 πολέμαρχος.
1230 4285 1269 4295 -
1293 4247 1374 4314 Item
1395 4247 1428 4312 in
1452 4243 1516 4311 Φιλ.

357 4500 367 4532 ¹
386 4497 430 4552 sie
446 4498 514 4552 enim
530 4498 713 4552 restituendum
730 4515 787 4552 casn
804 4498 925 4560 existimo.

356 4583 421 4639 'Oi
440 4601 515 4660 supra
533 4599 592 4660 pag.
613 4586 654 4644 41,
