3436 5326
809 387 1044 449 -156-

412 575 479 638 Iam
501 591 575 639 vero
598 572 803 654 expungenda
827 576 919 637 erunt
940 591 978 638 ex
1000 573 1100 638 indice
1125 573 1203 639 haec
1225 569 1365 638 nomina:

398 682 429 769 1)
453 681 637 769 Στράτων
660 682 953 770 Καλλικράτους
977 684 1177 756 Αἰξωνεύς.
1213 684 1250 750 cf.
1274 704 1344 767 pag.
1365 689 1434 750 132.

380 791 428 878 ’2)
450 791 711 880 Ἀναξαγόρας
737 790 993 879 Ἀναξαγόρου
1018 795 1214 869 Μελιτεύς,
1243 795 1280 864 cf.
1302 817 1374 878 pag.
1401 801 1469 862 104.

401 909 431 990 3)
455 907 565 990 Neque
588 911 652 972 tres
675 906 758 972 iuter
780 925 814 972 se
837 906 952 972 diversi
974 908 1133 990 Antipatri
1160 913 1234 973 sunt
1262 909 1457 984 recensendi,
1486 910 1547 975 sed

311 1039 401 1086 unus.
449 1020 529 1084 Nam
552 1017 606 1100 qui
629 1018 687 1083 sub
717 1018 749 1099 2)
774 1023 806 1082 et
831 1019 888 1083 sub
917 1019 948 1100 3)
972 1019 1055 1101 apud
1078 1020 1351 1084 Westermaunum
1372 1027 1548 1102 conparent

309 1151 370 1197 non
394 1130 508 1196 diversi
530 1135 604 1195 sunt
626 1129 666 1195 ab
689 1149 737 1194 no.
758 1135 783 1193 l.
808 1127 846 1193 cf.
870 1147 939 1210 pag.
959 1133 1028 1209 144,
1055 1134 1113 1194 145
1138 1129 1199 1212 (ad.
1222 1149 1248 1195 a.
1272 1129 1338 1214 45).

395 1237 429 1324 4)
453 1241 532 1306 Item
554 1242 658 1306 minus
680 1245 765 1306 recte
787 1241 835 1306 bis
857 1246 1040 1306 recensetur
1063 1241 1146 1322 apud
1169 1241 1338 1308 Westerm.
1362 1239 1542 1306 Ἀπολλώ-

310 1377 400 1436 νιος;
427 1352 464 1418 cf.
489 1371 559 1435 pag.
577 1357 627 1418 88.
1314 1437 1317 1443 Ι

397 1465 428 1546 5)
452 1465 533 1528 Item
556 1481 619 1527 non
642 1463 704 1528 duo
726 1464 808 1528 inter
823 1481 857 1528 se
873 1462 988 1528 diversi
1003 1464 1169 1530 archontes
1184 1444 1313 1531 nomino
1325 1464 1546 1550 Θράσυλλος

309 1577 404 1641 indici
425 1575 615 1641 inscribendi
638 1581 724 1656 sunt,
752 1575 808 1640 sed
830 1593 926 1658 unus3
950 1573 987 1642 ci.
1013 1595 1082 1658 pag.
1103 1581 1172 1642 145.

394 1687 535 1769 Denique
559 1687 778 1752 desiderantur
801 1687 885 1768 apud
908 1686 1074 1752 Westerm.
1103 1687 1178 1768 l.'l.‚
1205 1688 1346 1768 quamvis
1374 1707 1412 1752 ex
1440 1689 1543 1753 titulis

309 1799 370 1863 iam
393 1799 595 1875 innotuerint,
618 1799 663 1863 hi:
692 1797 723 1884 1)
743 1795 988 1884 Ἀραβιανός,
1019 1795 1053 1882 2)
1071 1793 1217 1880 Ἡγείας
1242 1798 1541 1885 Τειροκράτους,

311 1911 342 1993 3)
364 1909 572 1982 Ποπίλλιος
597 1911 791 1996 θεότιμος
811 1909 1011 1986 Σουνιεύς,
1039 1911 1071 1994 4)
1095 1908 1261 1986 Σύλλας,
1291 1913 1322 1994 5)
1345 1911 1434 1998 Αῠρ.
1457 1911 1540 1974 Σιο-

310 2023 475 2110 κροίτης;
507 2023 545 2088 de
568 2023 681 2106 quibus
704 2023 765 2089 vid.
789 2021 923 2088 indicem
944 2025 1103 2103 nostrum,
1132 2022 1186 2088 ubi
1216 2040 1253 2088 ea
1283 2023 1408 2089 nomina
1434 2025 1542 2090 notavi

309 2134 458 2200 asterisco
475 2130 526 2219 (*)ἶ

394 2247 513 2325 Quibus
536 2247 566 2311 in
589 2246 692 2312 indice
716 2246 817 2312 adieci
839 2246 990 2330 signum³s
1016 2265 1099 2312 nunc
1124 2246 1259 2328 primurn
1281 2266 1319 2312 ex
1340 2252 1538 2313 commentat.

309 2358 416 2423 XVIII
439 2359 653 2425 innotuerunt.
700 2358 797 2424 Omisi
820 2377 873 2424 eos
896 2379 974 2441 quos
998 2358 1226 2443 rinperarorum
1249 2370 1352 2421 actore
1374 2359 1539 2433 archontes

309 2488 477 2551 eponymos
499 2469 595 2537 fuisse
618 2488 729 2551 parurn
753 2475 884 2537 constat.
931 2469 964 2535 Si
986 2475 1090 2535 tamen
1113 2471 1207 2536 certis
1229 2469 1268 2535 de
1290 2470 1393 2535 causis
1424 2470 1539 2552 recepi,

309 2579 561 2662 interrogationis
584 2585 706 2666 signum
732 2585 771 2666 (Ῥ)
796 2584 936 2664 adposui.
