<?xml version="1.0" encoding="UTF-8"?>
<!DOCTYPE html PUBLIC "-//W3C//DTD XHTML 1.0 Transitional//EN"
    "http://www.w3.org/TR/xhtml1/DTD/xhtml1-transitional.dtd">
<html xmlns="http://www.w3.org/1999/xhtml" xml:lang="en" lang="en">
 <head>
  <title>
</title>
<meta http-equiv="Content-Type" content="text/html;charset=utf-8" />
  <meta name='ocr-system' content='tesseract 3.04.00' />
  <meta name='ocr-capabilities' content='ocr_page ocr_carea ocr_par ocr_line ocrx_word'/>
</head>
<body>
  <div class='ocr_page' id='page_1' title='image "./commentationese00neubgoog_0033.png"; bbox 0 0 3418 5340; ppageno 0'>
   <div class='ocr_carea' id='block_1_1' title="bbox 803 372 1017 436">
    <p class='ocr_par' dir='ltr' id='par_1_1' title="bbox 803 372 1017 436">
     <span class='ocr_line' id='line_1_1' title="bbox 803 372 1017 436; baseline 0.009 -18"><span class='ocrx_word' id='word_1_1' title='bbox 803 372 1017 436; x_wconf 76' lang='lat'>..20-</span> 
     </span>
    </p>
   </div>
   <div class='ocr_carea' id='block_1_2' title="bbox 219 555 1552 4108">
    <p class='ocr_par' dir='ltr' id='par_1_2' title="bbox 294 555 1552 3308">
     <span class='ocr_line' id='line_1_2' title="bbox 304 555 1524 647; baseline -0.005 -20"><span class='ocrx_word' id='word_1_2' title='bbox 304 563 334 629; x_wconf 82' lang='lat' dir='ltr'>T.</span> <span class='ocrx_word' id='word_1_3' title='bbox 353 559 490 647; x_wconf 79' lang='grc' dir='ltr'><em>Φλαβίου</em></span> <span class='ocrx_word' id='word_1_4' title='bbox 505 555 714 628; x_wconf 70' lang='grc' dir='ltr'><em>Λεωσθένους</em></span> <span class='ocrx_word' id='word_1_5' title='bbox 736 555 924 646; x_wconf 72' lang='grc' dir='ltr'><em>Ἀλκιβιάδην</em></span> <span class='ocrx_word' id='word_1_6' title='bbox 946 555 1095 622; x_wconf 84' lang='grc' dir='ltr'><em>Παιανιέα</em></span> <span class='ocrx_word' id='word_1_7' title='bbox 1118 559 1176 623; x_wconf 85' lang='lat' dir='ltr'>cet.</span> <span class='ocrx_word' id='word_1_8' title='bbox 1213 555 1389 624; x_wconf 80' lang='lat' dir='ltr'>Archontes</span> <span class='ocrx_word' id='word_1_9' title='bbox 1410 573 1524 638; x_wconf 80' lang='lat' dir='ltr'>epony·</span> 
     </span>
     <span class='ocr_line' id='line_1_3' title="bbox 297 665 1552 754; baseline -0.014 -14"><span class='ocrx_word' id='word_1_10' title='bbox 297 693 365 742; x_wconf 90' lang='lat' dir='ltr'>mos</span> <span class='ocrx_word' id='word_1_11' title='bbox 399 688 621 753; x_wconf 91' lang='lat' dir='ltr'>nonnunquam</span> <span class='ocrx_word' id='word_1_12' title='bbox 655 669 747 736; x_wconf 92' lang='lat' dir='ltr'>simul</span> <span class='ocrx_word' id='word_1_13' title='bbox 779 668 990 736; x_wconf 82' lang='lat' dir='ltr'><strong>sacerdotium</strong></span> <span class='ocrx_word' id='word_1_14' title='bbox 1022 666 1164 754; x_wconf 81' lang='grc' dir='ltr'><em>Δρούσου</em></span> <span class='ocrx_word' id='word_1_15' title='bbox 1199 665 1318 731; x_wconf 75' lang='lat' dir='ltr'>ordros</span> <span class='ocrx_word' id='word_1_16' title='bbox 1350 667 1552 738; x_wconf 82' lang='lat' dir='ltr'>obtinuisse.</span> 
     </span>
     <span class='ocr_line' id='line_1_4' title="bbox 298 771 1524 864; baseline -0.005 -10"><span class='ocrx_word' id='word_1_17' title='bbox 298 796 372 854; x_wconf 83' lang='lat' dir='ltr'>nota</span> <span class='ocrx_word' id='word_1_18' title='bbox 394 805 461 861; x_wconf 91' lang='lat' dir='ltr'>res;</span> <span class='ocrx_word' id='word_1_19' title='bbox 491 783 528 851; x_wconf 90' lang='lat' dir='ltr'>cf.</span> <span class='ocrx_word' id='word_1_20' title='bbox 551 783 623 849; x_wconf 87' lang='lat' dir='ltr'>Keil</span> <span class='ocrx_word' id='word_1_21' title='bbox 653 783 687 848; x_wconf 91' lang='lat' dir='ltr'>iu</span> <span class='ocrx_word' id='word_1_22' title='bbox 719 782 802 858; x_wconf 85' lang='lat' dir='ltr'>Mus.</span> <span class='ocrx_word' id='word_1_23' title='bbox 825 781 925 848; x_wconf 87' lang='lat' dir='ltr'>Rhen.</span> <span class='ocrx_word' id='word_1_24' title='bbox 947 781 1086 848; x_wconf 87' lang='lat' dir='ltr'>XXVIII</span> <span class='ocrx_word' id='word_1_25' title='bbox 1118 797 1189 864; x_wconf 84' lang='lat' dir='ltr'>pag.</span> <span class='ocrx_word' id='word_1_26' title='bbox 1215 771 1366 857; x_wconf 76' lang='grc' dir='ltr'>ύ4-6ἸςΙ</span> <span class='ocrx_word' id='word_1_27' title='bbox 1390 780 1524 850; x_wconf 81' lang='lat' dir='ltr'>schedae</span> 
     </span>
     <span class='ocr_line' id='line_1_5' title="bbox 298 891 1522 981; baseline -0.004 -18"><span class='ocrx_word' id='word_1_28' title='bbox 298 897 395 981; x_wconf 84' lang='lat' dir='ltr'>epigr.</span> <span class='ocrx_word' id='word_1_29' title='bbox 411 918 440 981; x_wconf 88' lang='lat' dir='ltr'>p.</span> <span class='ocrx_word' id='word_1_30' title='bbox 458 897 598 970; x_wconf 76' lang='lat'>43—453</span> <span class='ocrx_word' id='word_1_31' title='bbox 616 894 723 976; x_wconf 84' lang='lat' dir='ltr'>Meier,</span> <span class='ocrx_word' id='word_1_32' title='bbox 740 911 849 960; x_wconf 89' lang='lat' dir='ltr'>comm.</span> <span class='ocrx_word' id='word_1_33' title='bbox 867 893 964 977; x_wconf 84' lang='lat' dir='ltr'>epigr.</span> <span class='ocrx_word' id='word_1_34' title='bbox 976 913 1007 977; x_wconf 86' lang='lat' dir='ltr'>p.</span> <span class='ocrx_word' id='word_1_35' title='bbox 1024 897 1074 959; x_wconf 78' lang='lat'>72.</span> <span class='ocrx_word' id='word_1_36' title='bbox 1099 891 1277 960; x_wconf 88' lang='lat' dir='ltr'>Boeokhius</span> <span class='ocrx_word' id='word_1_37' title='bbox 1294 893 1347 976; x_wconf 92' lang='lat' dir='ltr'>(ad</span> <span class='ocrx_word' id='word_1_38' title='bbox 1362 891 1433 958; x_wconf 90' lang='grc' dir='ltr'>0.Ἰ.</span> <span class='ocrx_word' id='word_1_39' title='bbox 1447 894 1522 976; x_wconf 82' lang='grc'>264)</span> 
     </span>
     <span class='ocr_line' id='line_1_6' title="bbox 298 1003 1533 1097; baseline -0.002 -25"><span class='ocrx_word' id='word_1_40' title='bbox 298 1007 330 1072; x_wconf 92' lang='lat' dir='ltr'>in</span> <span class='ocrx_word' id='word_1_41' title='bbox 360 1027 397 1074; x_wconf 91' lang='lat' dir='ltr'>ea</span> <span class='ocrx_word' id='word_1_42' title='bbox 419 1008 543 1076; x_wconf 86' lang='lat' dir='ltr'>uidetur</span> <span class='ocrx_word' id='word_1_43' title='bbox 565 1005 722 1074; x_wconf 89' lang='lat' dir='ltr'>sententia</span> <span class='ocrx_word' id='word_1_44' title='bbox 748 1003 846 1071; x_wconf 83' lang='lat' dir='ltr'>luisse</span> <span class='ocrx_word' id='word_1_45' title='bbox 875 1010 911 1071; x_wconf 93' lang='lat' dir='ltr'>ut</span> <span class='ocrx_word' id='word_1_46' title='bbox 932 1008 1005 1088; x_wconf 91' lang='lat' dir='ltr'>post</span> <span class='ocrx_word' id='word_1_47' title='bbox 1026 1004 1146 1071; x_wconf 92' lang='lat' dir='ltr'>obitum</span> <span class='ocrx_word' id='word_1_48' title='bbox 1167 1005 1263 1070; x_wconf 87' lang='lat' dir='ltr'>Drusi</span> <span class='ocrx_word' id='word_1_49' title='bbox 1284 1004 1304 1070; x_wconf 91' lang='lat' dir='ltr'>i.</span> <span class='ocrx_word' id='word_1_50' title='bbox 1329 1025 1354 1072; x_wconf 91' lang='lat' dir='ltr'>e.</span> <span class='ocrx_word' id='word_1_51' title='bbox 1377 1023 1459 1072; x_wconf 92' lang='lat' dir='ltr'>anno</span> <span class='ocrx_word' id='word_1_52' title='bbox 1482 1009 1533 1097; x_wconf 51' lang='lat'>23*</span> 
     </span>
     <span class='ocr_line' id='line_1_7' title="bbox 298 1116 1524 1204; baseline -0.003 -17"><span class='ocrx_word' id='word_1_53' title='bbox 298 1140 328 1204; x_wconf 89' lang='lat' dir='ltr'>p.</span> <span class='ocrx_word' id='word_1_54' title='bbox 354 1120 427 1186; x_wconf 82' lang='lat' dir='ltr'>Chr.</span> <span class='ocrx_word' id='word_1_55' title='bbox 462 1119 539 1186; x_wconf 91' lang='lat' dir='ltr'>illud</span> <span class='ocrx_word' id='word_1_56' title='bbox 571 1119 667 1185; x_wconf 87' lang='lat' dir='ltr'>Drusi</span> <span class='ocrx_word' id='word_1_57' title='bbox 700 1116 909 1184; x_wconf 89' lang='lat' dir='ltr'>sacerdotium</span> <span class='ocrx_word' id='word_1_58' title='bbox 943 1133 1083 1186; x_wconf 85' lang='lat' dir='ltr'>cessasse</span> <span class='ocrx_word' id='word_1_59' title='bbox 1116 1120 1279 1183; x_wconf 84' lang='lat' dir='ltr'>statueret.</span> <span class='ocrx_word' id='word_1_60' title='bbox 1334 1117 1422 1196; x_wconf 85' lang='lat' dir='ltr'>Quae</span> <span class='ocrx_word' id='word_1_61' title='bbox 1436 1126 1440 1130; x_wconf 84' lang='grc'><em>“</em></span> <span class='ocrx_word' id='word_1_62' title='bbox 1455 1136 1524 1184; x_wconf 89' lang='lat' dir='ltr'>sen·</span> 
     </span>
     <span class='ocr_line' id='line_1_8' title="bbox 298 1227 1523 1312; baseline -0.001 -16"><span class='ocrx_word' id='word_1_63' title='bbox 298 1232 398 1299; x_wconf 91' lang='lat' dir='ltr'>tentia</span> <span class='ocrx_word' id='word_1_64' title='bbox 419 1232 481 1298; x_wconf 92' lang='lat' dir='ltr'>iam</span> <span class='ocrx_word' id='word_1_65' title='bbox 497 1232 615 1299; x_wconf 85' lang='lat' dir='ltr'>Meiere</span> <span class='ocrx_word' id='word_1_66' title='bbox 638 1235 762 1308; x_wconf 82' lang='lat' dir='ltr'>(comm.</span> <span class='ocrx_word' id='word_1_67' title='bbox 783 1229 880 1312; x_wconf 84' lang='lat' dir='ltr'>epigr.</span> <span class='ocrx_word' id='word_1_68' title='bbox 896 1229 937 1309; x_wconf 92' lang='grc' dir='ltr'>ΙΙ,</span> <span class='ocrx_word' id='word_1_69' title='bbox 959 1247 1032 1312; x_wconf 87' lang='lat' dir='ltr'>pag.</span> <span class='ocrx_word' id='word_1_70' title='bbox 1048 1232 1103 1306; x_wconf 84' lang='lat'>88)</span> <span class='ocrx_word' id='word_1_71' title='bbox 1126 1245 1277 1311; x_wconf 90' lang='lat' dir='ltr'>perquam</span> <span class='ocrx_word' id='word_1_72' title='bbox 1299 1227 1419 1296; x_wconf 90' lang='lat' dir='ltr'>incerta</span> <span class='ocrx_word' id='word_1_73' title='bbox 1440 1229 1523 1295; x_wconf 89' lang='lat' dir='ltr'>vide·</span> 
     </span>
     <span class='ocr_line' id='line_1_9' title="bbox 298 1339 1524 1424; baseline -0.004 -15"><span class='ocrx_word' id='word_1_74' title='bbox 298 1343 401 1410; x_wconf 89' lang='lat' dir='ltr'>batur.</span> <span class='ocrx_word' id='word_1_75' title='bbox 446 1342 537 1409; x_wconf 87' lang='lat' dir='ltr'>Nunc</span> <span class='ocrx_word' id='word_1_76' title='bbox 570 1340 695 1408; x_wconf 93' lang='lat' dir='ltr'>demum</span> <span class='ocrx_word' id='word_1_77' title='bbox 724 1339 776 1406; x_wconf 94' lang='lat' dir='ltr'>illo</span> <span class='ocrx_word' id='word_1_78' title='bbox 799 1339 1018 1422; x_wconf 85' lang='lat' dir='ltr'>Ephemeridis</span> <span class='ocrx_word' id='word_1_79' title='bbox 1052 1339 1144 1406; x_wconf 90' lang='lat' dir='ltr'>titulo</span> <span class='ocrx_word' id='word_1_80' title='bbox 1177 1339 1343 1424; x_wconf 90' lang='lat' dir='ltr'>perspicue</span> <span class='ocrx_word' id='word_1_81' title='bbox 1375 1341 1524 1408; x_wconf 91' lang='lat' dir='ltr'>docemur</span> 
     </span>
     <span class='ocr_line' id='line_1_10' title="bbox 298 1451 1524 1535; baseline -0.003 -15"><span class='ocrx_word' id='word_1_82' title='bbox 298 1453 348 1520; x_wconf 87' lang='lat' dir='ltr'>uel</span> <span class='ocrx_word' id='word_1_83' title='bbox 369 1453 468 1520; x_wconf 91' lang='lat' dir='ltr'>multo</span> <span class='ocrx_word' id='word_1_84' title='bbox 489 1457 563 1535; x_wconf 91' lang='lat' dir='ltr'>post</span> <span class='ocrx_word' id='word_1_85' title='bbox 591 1453 711 1519; x_wconf 89' lang='lat' dir='ltr'>obitum</span> <span class='ocrx_word' id='word_1_86' title='bbox 733 1451 828 1518; x_wconf 86' lang='lat' dir='ltr'>Drusi</span> <span class='ocrx_word' id='word_1_87' title='bbox 858 1451 1069 1518; x_wconf 88' lang='lat' dir='ltr'>sacerdotium</span> <span class='ocrx_word' id='word_1_88' title='bbox 1096 1451 1164 1518; x_wconf 90' lang='lat' dir='ltr'>eius</span> <span class='ocrx_word' id='word_1_89' title='bbox 1194 1453 1391 1520; x_wconf 86' lang='lat' dir='ltr'>remansisse.</span> <span class='ocrx_word' id='word_1_90' title='bbox 1442 1452 1524 1519; x_wconf 87' lang='lat' dir='ltr'>Item</span> 
     </span>
     <span class='ocr_line' id='line_1_11' title="bbox 298 1563 1524 1648; baseline -0.002 -16"><span class='ocrx_word' id='word_1_91' title='bbox 298 1571 384 1634; x_wconf 90' lang='lat' dir='ltr'>errat</span> <span class='ocrx_word' id='word_1_92' title='bbox 406 1565 543 1632; x_wconf 89' lang='lat' dir='ltr'>Meierus</span> <span class='ocrx_word' id='word_1_93' title='bbox 564 1563 584 1630; x_wconf 93' lang='lat' dir='ltr'>l.</span> <span class='ocrx_word' id='word_1_94' title='bbox 606 1563 636 1635; x_wconf 87' lang='lat' dir='ltr'>l..</span> <span class='ocrx_word' id='word_1_95' title='bbox 660 1564 744 1648; x_wconf 93' lang='lat' dir='ltr'>quod</span> <span class='ocrx_word' id='word_1_96' title='bbox 767 1581 886 1630; x_wconf 90' lang='lat' dir='ltr'>morem</span> <span class='ocrx_word' id='word_1_97' title='bbox 916 1564 1000 1646; x_wconf 91' lang='lat' dir='ltr'>apud</span> <span class='ocrx_word' id='word_1_98' title='bbox 1021 1563 1229 1631; x_wconf 84' lang='lat' dir='ltr'>Athenienses</span> <span class='ocrx_word' id='word_1_99' title='bbox 1257 1563 1429 1632; x_wconf 83' lang='lat' dir='ltr'>obtmuisse</span> <span class='ocrx_word' id='word_1_100' title='bbox 1453 1581 1524 1630; x_wconf 86' lang='lat' dir='ltr'>oon·</span> 
     </span>
     <span class='ocr_line' id='line_1_12' title="bbox 296 1674 1521 1760; baseline 0 -18"><span class='ocrx_word' id='word_1_101' title='bbox 296 1682 345 1744; x_wconf 89' lang='lat' dir='ltr'>set</span> <span class='ocrx_word' id='word_1_102' title='bbox 366 1680 403 1741; x_wconf 94' lang='lat' dir='ltr'>ut</span> <span class='ocrx_word' id='word_1_103' title='bbox 425 1694 596 1760; x_wconf 87' lang='lat' dir='ltr'>eponymus</span> <span class='ocrx_word' id='word_1_104' title='bbox 619 1674 734 1742; x_wconf 89' lang='lat' dir='ltr'>archon</span> <span class='ocrx_word' id='word_1_105' title='bbox 758 1676 813 1757; x_wconf 90' lang='lat' dir='ltr'>qui</span> <span class='ocrx_word' id='word_1_106' title='bbox 843 1681 927 1742; x_wconf 88' lang='lat' dir='ltr'>esset</span> <span class='ocrx_word' id='word_1_107' title='bbox 948 1677 1044 1742; x_wconf 89' lang='lat' dir='ltr'>etiam</span> <span class='ocrx_word' id='word_1_108' title='bbox 1066 1676 1241 1744; x_wconf 90' lang='lat' dir='ltr'>sacerdotio</span> <span class='ocrx_word' id='word_1_109' title='bbox 1267 1677 1363 1743; x_wconf 91' lang='lat' dir='ltr'>Drusi</span> <span class='ocrx_word' id='word_1_110' title='bbox 1385 1675 1521 1743; x_wconf 90' lang='lat' dir='ltr'>consulis</span> 
     </span>
     <span class='ocr_line' id='line_1_13' title="bbox 294 1783 1524 1875; baseline -0.001 -22"><span class='ocrx_word' id='word_1_111' title='bbox 294 1787 488 1871; x_wconf 79' lang='lat' dir='ltr'>fungeretur.</span> <span class='ocrx_word' id='word_1_112' title='bbox 532 1787 658 1854; x_wconf 84' lang='lat' dir='ltr'>Etenim</span> <span class='ocrx_word' id='word_1_113' title='bbox 688 1785 882 1874; x_wconf 75' lang='grc' dir='ltr'><em>Ἀντίπατρος</em></span> <span class='ocrx_word' id='word_1_114' title='bbox 908 1785 956 1871; x_wconf 85' lang='lat' dir='ltr'>(O.</span> <span class='ocrx_word' id='word_1_115' title='bbox 980 1787 1005 1854; x_wconf 93' lang='lat' dir='ltr'>I.</span> <span class='ocrx_word' id='word_1_116' title='bbox 1031 1787 1103 1869; x_wconf 85' lang='grc'>282,</span> <span class='ocrx_word' id='word_1_117' title='bbox 1133 1785 1197 1851; x_wconf 92' lang='grc' dir='ltr'>Φιλ.</span> <span class='ocrx_word' id='word_1_118' title='bbox 1220 1787 1277 1868; x_wconf 85' lang='lat' dir='ltr'>IV,</span> <span class='ocrx_word' id='word_1_119' title='bbox 1306 1787 1372 1870; x_wconf 79' lang='lat'><strong>73),</strong></span> <span class='ocrx_word' id='word_1_120' title='bbox 1402 1783 1524 1875; x_wconf 81' lang='grc' dir='ltr'><em>Μητρό-</em></span> 
     </span>
     <span class='ocr_line' id='line_1_14' title="bbox 298 1896 1524 1990; baseline 0.001 -29"><span class='ocrx_word' id='word_1_121' title='bbox 298 1897 405 1984; x_wconf 85' lang='grc' dir='ltr'><em>δωρος</em></span> <span class='ocrx_word' id='word_1_122' title='bbox 428 1897 476 1976; x_wconf 84' lang='grc' dir='ltr'>(Ο.</span> <span class='ocrx_word' id='word_1_123' title='bbox 501 1899 524 1963; x_wconf 91' lang='grc' dir='ltr'>Ι.</span> <span class='ocrx_word' id='word_1_124' title='bbox 550 1899 635 1981; x_wconf 92' lang='grc'>266),</span> <span class='ocrx_word' id='word_1_125' title='bbox 663 1897 905 1987; x_wconf 60' lang='grc' dir='ltr'><em>Καλλικρατίδας</em></span> <span class='ocrx_word' id='word_1_126' title='bbox 932 1899 997 1986; x_wconf 81' lang='grc' dir='ltr'>(ἐφ.</span> <span class='ocrx_word' id='word_1_127' title='bbox 1029 1899 1099 1990; x_wconf 77' lang='grc' dir='ltr'>ἀρχ.</span> <span class='ocrx_word' id='word_1_128' title='bbox 1125 1901 1208 1983; x_wconf 90' lang='grc'>640),</span> <span class='ocrx_word' id='word_1_129' title='bbox 1234 1899 1415 1986; x_wconf 79' lang='grc' dir='ltr'><em>θρύοολλος</em></span> <span class='ocrx_word' id='word_1_130' title='bbox 1443 1896 1524 1978; x_wconf 90' lang='grc' dir='ltr'>(Φιλ.</span> 
     </span>
     <span class='ocr_line' id='line_1_15' title="bbox 295 2003 1524 2097; baseline -0.001 -21"><span class='ocrx_word' id='word_1_131' title='bbox 295 2010 349 2092; x_wconf 86' lang='lat' dir='ltr'>IV,</span> <span class='ocrx_word' id='word_1_132' title='bbox 373 2011 458 2093; x_wconf 87' lang='grc'>322),</span> <span class='ocrx_word' id='word_1_133' title='bbox 482 2008 608 2074; x_wconf 83' lang='grc' dir='ltr'><em>Αίολίων</em></span> <span class='ocrx_word' id='word_1_134' title='bbox 632 2009 711 2090; x_wconf 91' lang='grc' dir='ltr'>(Φιλ.</span> <span class='ocrx_word' id='word_1_135' title='bbox 727 2011 753 2090; x_wconf 87' lang='grc' dir='ltr'>Ι,</span> <span class='ocrx_word' id='word_1_136' title='bbox 775 2011 861 2092; x_wconf 92' lang='grc'>428),</span> <span class='ocrx_word' id='word_1_137' title='bbox 883 2008 921 2076; x_wconf 83' lang='grc' dir='ltr'>ΙΙ.</span> <span class='ocrx_word' id='word_1_138' title='bbox 945 2007 1006 2074; x_wconf 87' lang='grc' dir='ltr'>Αἴλ.</span> <span class='ocrx_word' id='word_1_139' title='bbox 1025 2003 1187 2097; x_wconf 79' lang='grc' dir='ltr'><em>Ἀδριανός</em></span> <span class='ocrx_word' id='word_1_140' title='bbox 1218 2008 1298 2090; x_wconf 91' lang='grc' dir='ltr'>(Φιλ.</span> <span class='ocrx_word' id='word_1_141' title='bbox 1314 2011 1375 2093; x_wconf 93' lang='grc' dir='ltr'>ΙΙΙ,</span> <span class='ocrx_word' id='word_1_142' title='bbox 1391 2014 1462 2092; x_wconf 84' lang='grc'>350,</span> <span class='ocrx_word' id='word_1_143' title='bbox 1481 2014 1524 2090; x_wconf 91' lang='grc'>1),</span> 
     </span>
     <span class='ocr_line' id='line_1_16' title="bbox 294 2118 1524 2212; baseline 0 -28"><span class='ocrx_word' id='word_1_144' title='bbox 294 2120 414 2193; x_wconf 76' lang='grc' dir='ltr'><em>Δείδιος</em></span> <span class='ocrx_word' id='word_1_145' title='bbox 435 2120 612 2193; x_wconf 82' lang='grc' dir='ltr'><em>Σεκοῦνδος</em></span> <span class='ocrx_word' id='word_1_146' title='bbox 632 2121 791 2210; x_wconf 73' lang='grc' dir='ltr'><em>Σφήττιος</em></span> <span class='ocrx_word' id='word_1_147' title='bbox 815 2122 863 2202; x_wconf 84' lang='lat' dir='ltr'>(O.</span> <span class='ocrx_word' id='word_1_148' title='bbox 887 2123 913 2188; x_wconf 88' lang='grc' dir='ltr'>Ι.</span> <span class='ocrx_word' id='word_1_149' title='bbox 939 2121 1026 2208; x_wconf 88' lang='grc'>268),</span> <span class='ocrx_word' id='word_1_150' title='bbox 1061 2120 1199 2207; x_wconf 78' lang='grc' dir='ltr'><em>Φλάβιος</em></span> <span class='ocrx_word' id='word_1_151' title='bbox 1219 2123 1394 2210; x_wconf 84' lang='grc' dir='ltr'><em>Μακρείνος</em></span> <span class='ocrx_word' id='word_1_152' title='bbox 1412 2118 1524 2212; x_wconf 79' lang='grc' dir='ltr'><em>Ἀχαρ-</em></span> 
     </span>
     <span class='ocr_line' id='line_1_17' title="bbox 294 2227 1522 2322; baseline 0 -25"><span class='ocrx_word' id='word_1_153' title='bbox 294 2233 366 2305; x_wconf 81' lang='grc' dir='ltr'><em>νεύς</em></span> <span class='ocrx_word' id='word_1_154' title='bbox 387 2232 466 2313; x_wconf 95' lang='grc' dir='ltr'>(Φιλ.</span> <span class='ocrx_word' id='word_1_155' title='bbox 489 2235 542 2316; x_wconf 88' lang='lat' dir='ltr'>IV,</span> <span class='ocrx_word' id='word_1_156' title='bbox 559 2236 645 2320; x_wconf 82' lang='lat'>458),</span> <span class='ocrx_word' id='word_1_157' title='bbox 675 2233 810 2320; x_wconf 86' lang='grc' dir='ltr'><em>Φούριος</em></span> <span class='ocrx_word' id='word_1_158' title='bbox 839 2227 1059 2322; x_wconf 81' lang='grc' dir='ltr'><em>Μητρόδωρος</em></span> <span class='ocrx_word' id='word_1_159' title='bbox 1071 2233 1222 2306; x_wconf 83' lang='grc' dir='ltr'><em>Σουνιεύς</em></span> <span class='ocrx_word' id='word_1_160' title='bbox 1238 2233 1316 2317; x_wconf 89' lang='grc' dir='ltr'>(Φιλ.</span> <span class='ocrx_word' id='word_1_161' title='bbox 1332 2235 1391 2316; x_wconf 91' lang='grc' dir='ltr'>ΙΠ,</span> <span class='ocrx_word' id='word_1_162' title='bbox 1408 2237 1458 2316; x_wconf 89' lang='grc'>60,</span> <span class='ocrx_word' id='word_1_163' title='bbox 1480 2233 1522 2316; x_wconf 93' lang='grc'>1),</span> 
     </span>
     <span class='ocr_line' id='line_1_18' title="bbox 295 2335 1522 2431; baseline -0.002 -21"><span class='ocrx_word' id='word_1_164' title='bbox 295 2341 329 2410; x_wconf 88' lang='grc' dir='ltr'>Γ.</span> <span class='ocrx_word' id='word_1_165' title='bbox 351 2343 471 2414; x_wconf 84' lang='grc' dir='ltr'><em>Ἰούλιος</em></span> <span class='ocrx_word' id='word_1_166' title='bbox 498 2343 615 2415; x_wconf 78' lang='grc' dir='ltr'><em>Ιίυὶοιος</em></span> <span class='ocrx_word' id='word_1_167' title='bbox 643 2343 804 2431; x_wconf 84' lang='grc' dir='ltr'><em>Στειριειίς</em></span> <span class='ocrx_word' id='word_1_168' title='bbox 824 2346 873 2426; x_wconf 85' lang='lat' dir='ltr'>(C.</span> <span class='ocrx_word' id='word_1_169' title='bbox 896 2347 921 2414; x_wconf 94' lang='lat' dir='ltr'>I.</span> <span class='ocrx_word' id='word_1_170' title='bbox 946 2351 1033 2430; x_wconf 84' lang='lat'><strong>270),</strong></span> <span class='ocrx_word' id='word_1_171' title='bbox 1063 2345 1194 2417; x_wconf 81' lang='grc' dir='ltr'><em>Λεύκιος</em></span> <span class='ocrx_word' id='word_1_172' title='bbox 1223 2346 1420 2430; x_wconf 81' lang='grc' dir='ltr'><em>θύιβούλλιος</em></span> <span class='ocrx_word' id='word_1_173' title='bbox 1441 2335 1522 2408; x_wconf 82' lang='grc' dir='ltr'><em>Ἵππ-</em></span> 
     </span>
     <span class='ocr_line' id='line_1_19' title="bbox 296 2451 1521 2546; baseline 0.004 -29"><span class='ocrx_word' id='word_1_174' title='bbox 296 2477 396 2544; x_wconf 79' lang='grc' dir='ltr'><em>αρχος</em></span> <span class='ocrx_word' id='word_1_175' title='bbox 423 2454 472 2534; x_wconf 85' lang='grc'>(0.</span> <span class='ocrx_word' id='word_1_176' title='bbox 496 2457 521 2521; x_wconf 91' lang='grc' dir='ltr'>Ι.</span> <span class='ocrx_word' id='word_1_177' title='bbox 547 2457 639 2538; x_wconf 84' lang='grc'>269),</span> <span class='ocrx_word' id='word_1_178' title='bbox 673 2457 735 2541; x_wconf 88' lang='grc' dir='ltr'>Τιβ.</span> <span class='ocrx_word' id='word_1_179' title='bbox 766 2457 819 2524; x_wconf 81' lang='grc' dir='ltr'>Ιίλ.</span> <span class='ocrx_word' id='word_1_180' title='bbox 851 2451 994 2546; x_wconf 74' lang='grc' dir='ltr'><em>Ἡρώδης</em></span> <span class='ocrx_word' id='word_1_181' title='bbox 1033 2456 1245 2546; x_wconf 71' lang='grc' dir='ltr'><em>Μαραθώνιος</em></span> <span class='ocrx_word' id='word_1_182' title='bbox 1284 2457 1361 2542; x_wconf 90' lang='grc' dir='ltr'>(Φιλ.</span> <span class='ocrx_word' id='word_1_183' title='bbox 1391 2458 1416 2541; x_wconf 97' lang='grc' dir='ltr'>Ι,</span> <span class='ocrx_word' id='word_1_184' title='bbox 1447 2461 1521 2524; x_wconf 83' lang='grc'>381.</span> 
     </span>
     <span class='ocr_line' id='line_1_20' title="bbox 295 2565 1521 2650; baseline 0.005 -19"><span class='ocrx_word' id='word_1_185' title='bbox 295 2566 360 2648; x_wconf 89' lang='grc' dir='ltr'>ΙΙΙ,</span> <span class='ocrx_word' id='word_1_186' title='bbox 384 2567 454 2648; x_wconf 83' lang='grc'>63),</span> <span class='ocrx_word' id='word_1_187' title='bbox 476 2565 510 2630; x_wconf 92' lang='lat' dir='ltr'>hi</span> <span class='ocrx_word' id='word_1_188' title='bbox 533 2585 639 2634; x_wconf 88' lang='lat' dir='ltr'>omnes</span> <span class='ocrx_word' id='word_1_189' title='bbox 662 2571 803 2650; x_wconf 87' lang='lat' dir='ltr'>quamvis</span> <span class='ocrx_word' id='word_1_190' title='bbox 828 2572 932 2638; x_wconf 88' lang='lat' dir='ltr'>cuncti</span> <span class='ocrx_word' id='word_1_191' title='bbox 953 2572 1037 2637; x_wconf 90' lang='lat' dir='ltr'>intra</span> <span class='ocrx_word' id='word_1_192' title='bbox 1058 2571 1154 2638; x_wconf 89' lang='lat' dir='ltr'>Drusi</span> <span class='ocrx_word' id='word_1_193' title='bbox 1187 2575 1221 2637; x_wconf 91' lang='lat' dir='ltr'>et</span> <span class='ocrx_word' id='word_1_194' title='bbox 1245 2569 1403 2636; x_wconf 85' lang='lat' dir='ltr'>&#39;Hadriani</span> <span class='ocrx_word' id='word_1_195' title='bbox 1435 2575 1521 2637; x_wconf 89' lang='lat' dir='ltr'>acta·</span> 
     </span>
     <span class='ocr_line' id='line_1_21' title="bbox 296 2679 1520 2766; baseline 0.003 -22"><span class='ocrx_word' id='word_1_196' title='bbox 296 2681 369 2761; x_wconf 86' lang='lat' dir='ltr'>tem,</span> <span class='ocrx_word' id='word_1_197' title='bbox 391 2697 448 2761; x_wconf 93' lang='lat' dir='ltr'>per</span> <span class='ocrx_word' id='word_1_198' title='bbox 470 2679 554 2762; x_wconf 92' lang='lat' dir='ltr'>quod</span> <span class='ocrx_word' id='word_1_199' title='bbox 576 2684 677 2747; x_wconf 86' lang='lat' dir='ltr'>totum</span> <span class='ocrx_word' id='word_1_200' title='bbox 700 2685 823 2764; x_wconf 91' lang='lat' dir='ltr'>tempus</span> <span class='ocrx_word' id='word_1_201' title='bbox 845 2681 923 2750; x_wconf 91' lang='lat' dir='ltr'>illud</span> <span class='ocrx_word' id='word_1_202' title='bbox 945 2683 1154 2750; x_wconf 86' lang='lat' dir='ltr'>sacerdotium</span> <span class='ocrx_word' id='word_1_203' title='bbox 1176 2683 1367 2766; x_wconf 88' lang='lat' dir='ltr'>perdurasse</span> <span class='ocrx_word' id='word_1_204' title='bbox 1386 2686 1520 2764; x_wconf 87' lang='lat' dir='ltr'>constat,</span> 
     </span>
     <span class='ocr_line' id='line_1_22' title="bbox 296 2789 1522 2876; baseline 0.005 -22"><span class='ocrx_word' id='word_1_205' title='bbox 296 2789 454 2858; x_wconf 89' lang='lat' dir='ltr'>archontis</span> <span class='ocrx_word' id='word_1_206' title='bbox 482 2793 625 2876; x_wconf 90' lang='lat' dir='ltr'>eponymi</span> <span class='ocrx_word' id='word_1_207' title='bbox 650 2811 769 2860; x_wconf 89' lang='lat' dir='ltr'>munus.</span> <span class='ocrx_word' id='word_1_208' title='bbox 798 2793 1117 2875; x_wconf 85' lang='lat' dir='ltr'>administraverint‚¹</span> <span class='ocrx_word' id='word_1_209' title='bbox 1150 2813 1213 2860; x_wconf 91' lang='lat' dir='ltr'>non</span> <span class='ocrx_word' id='word_1_210' title='bbox 1242 2799 1348 2860; x_wconf 89' lang='lat' dir='ltr'>tamen</span> <span class='ocrx_word' id='word_1_211' title='bbox 1389 2794 1522 2860; x_wconf 85' lang='lat' dir='ltr'>sudlunt</span> 
     </span>
     <span class='ocr_line' id='line_1_23' title="bbox 297 2899 1521 2988; baseline 0.007 -25"><span class='ocrx_word' id='word_1_212' title='bbox 297 2901 391 2986; x_wconf 79' lang='grc' dir='ltr'><em>ἱερεῖς</em></span> <span class='ocrx_word' id='word_1_213' title='bbox 411 2899 554 2988; x_wconf 81' lang='grc' dir='ltr'><em>Δρούσου</em></span> <span class='ocrx_word' id='word_1_214' title='bbox 577 2901 704 2970; x_wconf 82' lang='grc' dir='ltr'>ὑπάτου.</span> <span class='ocrx_word' id='word_1_215' title='bbox 752 2905 863 2986; x_wconf 89' lang='lat' dir='ltr'>Itaque</span> <span class='ocrx_word' id='word_1_216' title='bbox 886 2907 973 2972; x_wconf 91' lang='lat' dir='ltr'>casui</span> <span class='ocrx_word' id='word_1_217' title='bbox 995 2906 1096 2972; x_wconf 91' lang='lat' dir='ltr'>solum</span> <span class='ocrx_word' id='word_1_218' title='bbox 1118 2905 1331 2986; x_wconf 88' lang='lat' dir='ltr'>tribuendum,</span> <span class='ocrx_word' id='word_1_219' title='bbox 1354 2906 1382 2972; x_wconf 95' lang='lat' dir='ltr'>si</span> <span class='ocrx_word' id='word_1_220' title='bbox 1402 2906 1458 2987; x_wconf 92' lang='lat' dir='ltr'>qui</span> <span class='ocrx_word' id='word_1_221' title='bbox 1473 2924 1521 2972; x_wconf 91' lang='lat' dir='ltr'>ar·</span> 
     </span>
     <span class='ocr_line' id='line_1_24' title="bbox 297 3011 1519 3098; baseline 0.006 -21"><span class='ocrx_word' id='word_1_222' title='bbox 297 3011 377 3078; x_wconf 79' lang='lat' dir='ltr'>chon</span> <span class='ocrx_word' id='word_1_223' title='bbox 399 3030 569 3096; x_wconf 92' lang='lat' dir='ltr'>epouymus</span> <span class='ocrx_word' id='word_1_224' title='bbox 592 3015 684 3082; x_wconf 93' lang='lat' dir='ltr'>simul</span> <span class='ocrx_word' id='word_1_225' title='bbox 707 3017 854 3084; x_wconf 88' lang='lat' dir='ltr'>sacerdos</span> <span class='ocrx_word' id='word_1_226' title='bbox 877 3022 926 3084; x_wconf 90' lang='lat' dir='ltr'>est</span> <span class='ocrx_word' id='word_1_227' title='bbox 948 3017 1044 3084; x_wconf 88' lang='lat' dir='ltr'>Drusi</span> <span class='ocrx_word' id='word_1_228' title='bbox 1067 3018 1212 3085; x_wconf 88' lang='lat' dir='ltr'>consulis.</span> <span class='ocrx_word' id='word_1_229' title='bbox 1247 3019 1285 3084; x_wconf 90' lang='lat' dir='ltr'>Id</span> <span class='ocrx_word' id='word_1_230' title='bbox 1308 3017 1442 3098; x_wconf 91' lang='lat' dir='ltr'>denique</span> <span class='ocrx_word' id='word_1_231' title='bbox 1464 3017 1519 3084; x_wconf 89' lang='lat' dir='ltr'>ob-</span> 
     </span>
     <span class='ocr_line' id='line_1_25' title="bbox 297 3123 1523 3207; baseline 0.007 -19"><span class='ocrx_word' id='word_1_232' title='bbox 297 3123 474 3189; x_wconf 84' lang='lat' dir='ltr'>servatione</span> <span class='ocrx_word' id='word_1_233' title='bbox 497 3125 634 3207; x_wconf 75' lang='lat' dir='ltr'>mgnum,</span> <span class='ocrx_word' id='word_1_234' title='bbox 658 3127 742 3207; x_wconf 92' lang='lat' dir='ltr'>quod</span> <span class='ocrx_word' id='word_1_235' title='bbox 764 3128 849 3194; x_wconf 92' lang='lat' dir='ltr'>ultra</span> <span class='ocrx_word' id='word_1_236' title='bbox 871 3129 1021 3194; x_wconf 86' lang='lat' dir='ltr'>Antonini</span> <span class='ocrx_word' id='word_1_237' title='bbox 1042 3129 1091 3194; x_wconf 91' lang='lat' dir='ltr'>Pii</span> <span class='ocrx_word' id='word_1_238' title='bbox 1118 3132 1255 3196; x_wconf 83' lang='lat' dir='ltr'>aetatem</span> <span class='ocrx_word' id='word_1_239' title='bbox 1286 3128 1391 3195; x_wconf 89' lang='lat' dir='ltr'>nullus</span> <span class='ocrx_word' id='word_1_240' title='bbox 1420 3128 1523 3196; x_wconf 89' lang='lat' dir='ltr'>adhuc</span> 
     </span>
     <span class='ocr_line' id='line_1_26' title="bbox 298 3233 968 3308; baseline 0.007 -10"><span class='ocrx_word' id='word_1_241' title='bbox 298 3233 443 3300; x_wconf 86' lang='lat' dir='ltr'>inventus</span> <span class='ocrx_word' id='word_1_242' title='bbox 467 3241 515 3302; x_wconf 90' lang='lat' dir='ltr'>est</span> <span class='ocrx_word' id='word_1_243' title='bbox 536 3237 683 3304; x_wconf 88' lang='lat' dir='ltr'>sacerdos</span> <span class='ocrx_word' id='word_1_244' title='bbox 703 3239 799 3305; x_wconf 89' lang='lat' dir='ltr'>Drusi</span> <span class='ocrx_word' id='word_1_245' title='bbox 822 3241 968 3308; x_wconf 88' lang='lat' dir='ltr'>consulis.</span> 
     </span>
    </p>

    <p class='ocr_par' dir='ltr' id='par_1_3' title="bbox 219 3345 1525 4108">
     <span class='ocr_line' id='line_1_27' title="bbox 382 3345 1525 3436; baseline 0.006 -25"><span class='ocrx_word' id='word_1_246' title='bbox 382 3345 450 3412; x_wconf 93' lang='lat' dir='ltr'>Iam</span> <span class='ocrx_word' id='word_1_247' title='bbox 480 3347 565 3414; x_wconf 91' lang='lat' dir='ltr'>aliud</span> <span class='ocrx_word' id='word_1_248' title='bbox 593 3355 693 3417; x_wconf 87' lang='lat' dir='ltr'>restat</span> <span class='ocrx_word' id='word_1_249' title='bbox 721 3352 850 3435; x_wconf 91' lang='lat' dir='ltr'>dignum</span> <span class='ocrx_word' id='word_1_250' title='bbox 883 3353 967 3436; x_wconf 92' lang='lat' dir='ltr'>quod</span> <span class='ocrx_word' id='word_1_251' title='bbox 999 3358 1135 3422; x_wconf 90' lang='lat' dir='ltr'>notetur.</span> <span class='ocrx_word' id='word_1_252' title='bbox 1181 3353 1375 3420; x_wconf 87' lang='lat' dir='ltr'>Memoratur</span> <span class='ocrx_word' id='word_1_253' title='bbox 1407 3351 1525 3420; x_wconf 88' lang='lat' dir='ltr'>scilicet</span> 
     </span>
     <span class='ocr_line' id='line_1_28' title="bbox 297 3455 1524 3554; baseline 0.007 -32"><span class='ocrx_word' id='word_1_254' title='bbox 297 3455 389 3528; x_wconf 86' lang='lat' dir='ltr'>titulo</span> <span class='ocrx_word' id='word_1_255' title='bbox 416 3457 470 3525; x_wconf 91' lang='lat' dir='ltr'>illo</span> <span class='ocrx_word' id='word_1_256' title='bbox 495 3460 714 3542; x_wconf 86' lang='lat' dir='ltr'>Ephemcridis</span> <span class='ocrx_word' id='word_1_257' title='bbox 746 3469 817 3544; x_wconf 81' lang='lat' dir='ltr'>(no.</span> <span class='ocrx_word' id='word_1_258' title='bbox 841 3469 946 3544; x_wconf 88' lang='grc'>4008)</span> <span class='ocrx_word' id='word_1_259' title='bbox 981 3463 1001 3554; x_wconf 82' lang='grc' dir='ltr'><em>ἡ</em></span> <span class='ocrx_word' id='word_1_260' title='bbox 1026 3465 1159 3554; x_wconf 84' lang='grc' dir='ltr'><em>βοολι)</em></span> <span class='ocrx_word' id='word_1_261' title='bbox 1193 3469 1265 3529; x_wconf 83' lang='grc' dir='ltr'>τῶν</span> <span class='ocrx_word' id='word_1_262' title='bbox 1297 3461 1524 3538; x_wconf 79' lang='grc' dir='ltr'><em>ἑξακοσίων.</em></span> 
     </span>
     <span class='ocr_line' id='line_1_29' title="bbox 299 3563 1525 3661; baseline 0.007 -27"><span class='ocrx_word' id='word_1_263' title='bbox 299 3567 449 3636; x_wconf 80' lang='lat' dir='ltr'>Senatum</span> <span class='ocrx_word' id='word_1_264' title='bbox 462 3563 680 3640; x_wconf 84' lang='lat' dir='ltr'>sexcentorum</span> <span class='ocrx_word' id='word_1_265' title='bbox 692 3573 824 3642; x_wconf 80' lang='lat' dir='ltr'>Claudio</span> <span class='ocrx_word' id='word_1_266' title='bbox 839 3576 1029 3660; x_wconf 88' lang='lat' dir='ltr'>imperatore</span> <span class='ocrx_word' id='word_1_267' title='bbox 1040 3575 1234 3661; x_wconf 74' lang='lat' dir='ltr'>superfuisse</span> <span class='ocrx_word' id='word_1_268' title='bbox 1248 3577 1327 3643; x_wconf 92' lang='lat' dir='ltr'>haut</span> <span class='ocrx_word' id='word_1_269' title='bbox 1337 3577 1430 3660; x_wconf 91' lang='lat' dir='ltr'>pauci</span> <span class='ocrx_word' id='word_1_270' title='bbox 1440 3575 1525 3642; x_wconf 88' lang='lat' dir='ltr'>tituli</span> 
     </span>
     <span class='ocr_line' id='line_1_30' title="bbox 297 3682 1524 3770; baseline 0.007 -23"><span class='ocrx_word' id='word_1_271' title='bbox 297 3682 499 3748; x_wconf 75' lang='lat' dir='ltr'>monstrant.²</span> <span class='ocrx_word' id='word_1_272' title='bbox 521 3683 652 3764; x_wconf 80' lang='lat' dir='ltr'>Quando</span> <span class='ocrx_word' id='word_1_273' title='bbox 665 3691 772 3753; x_wconf 91' lang='lat' dir='ltr'>autem</span> <span class='ocrx_word' id='word_1_274' title='bbox 783 3687 1027 3770; x_wconf 90' lang='lat' dir='ltr'>quingentorum</span> <span class='ocrx_word' id='word_1_275' title='bbox 1039 3693 1168 3756; x_wconf 90' lang='lat' dir='ltr'>senatus</span> <span class='ocrx_word' id='word_1_276' title='bbox 1184 3689 1227 3755; x_wconf 90' lang='lat' dir='ltr'>sit</span> <span class='ocrx_word' id='word_1_277' title='bbox 1242 3687 1406 3755; x_wconf 87' lang='lat' dir='ltr'>institutus</span> <span class='ocrx_word' id='word_1_278' title='bbox 1422 3687 1524 3756; x_wconf 89' lang='lat' dir='ltr'>adhuc</span> 
     </span>
     <span class='ocr_line' id='line_1_31' title="bbox 219 3797 1525 3885; baseline 0.005 -27"><span class='ocrx_word' id='word_1_279' title='bbox 219 3801 222 3812; x_wconf 80' lang='lat'><em>&#39;</em></span> <span class='ocrx_word' id='word_1_280' title='bbox 297 3811 360 3860; x_wconf 91' lang='lat' dir='ltr'>uon</span> <span class='ocrx_word' id='word_1_281' title='bbox 376 3799 509 3862; x_wconf 87' lang='lat' dir='ltr'>constat.</span> <span class='ocrx_word' id='word_1_282' title='bbox 532 3797 709 3864; x_wconf 90' lang='lat' dir='ltr'>Boeokhius</span> <span class='ocrx_word' id='word_1_283' title='bbox 728 3799 853 3880; x_wconf 87' lang='lat' dir='ltr'>quidem</span> <span class='ocrx_word' id='word_1_284' title='bbox 873 3799 921 3879; x_wconf 85' lang='lat' dir='ltr'>(O.</span> <span class='ocrx_word' id='word_1_285' title='bbox 941 3801 966 3866; x_wconf 90' lang='grc' dir='ltr'>Ι.</span> <span class='ocrx_word' id='word_1_286' title='bbox 983 3801 1008 3884; x_wconf 89' lang='grc' dir='ltr'>Ι,</span> <span class='ocrx_word' id='word_1_287' title='bbox 1025 3820 1097 3885; x_wconf 88' lang='lat' dir='ltr'>pag.</span> <span class='ocrx_word' id='word_1_288' title='bbox 1116 3805 1178 3868; x_wconf 85' lang='lat'>323</span> <span class='ocrx_word' id='word_1_289' title='bbox 1197 3805 1230 3868; x_wconf 92' lang='lat' dir='ltr'>et</span> <span class='ocrx_word' id='word_1_290' title='bbox 1250 3801 1324 3884; x_wconf 84' lang='grc'>900)</span> <span class='ocrx_word' id='word_1_291' title='bbox 1344 3799 1437 3867; x_wconf 92' lang='lat' dir='ltr'>simul</span> <span class='ocrx_word' id='word_1_292' title='bbox 1453 3818 1525 3866; x_wconf 93' lang='lat' dir='ltr'>cum</span> 
     </span>
     <span class='ocr_line' id='line_1_32' title="bbox 298 3907 1523 3994; baseline 0.004 -23"><span class='ocrx_word' id='word_1_293' title='bbox 298 3923 379 3972; x_wconf 87' lang='lat' dir='ltr'>nova</span> <span class='ocrx_word' id='word_1_294' title='bbox 400 3907 486 3974; x_wconf 92' lang='lat' dir='ltr'>tribu</span> <span class='ocrx_word' id='word_1_295' title='bbox 508 3907 702 3976; x_wconf 89' lang='lat' dir='ltr'>Hadriauide</span> <span class='ocrx_word' id='word_1_296' title='bbox 724 3911 870 3979; x_wconf 90' lang='lat' dir='ltr'>instituta</span> <span class='ocrx_word' id='word_1_297' title='bbox 887 3917 1031 3978; x_wconf 89' lang='lat' dir='ltr'>senatum</span> <span class='ocrx_word' id='word_1_298' title='bbox 1047 3911 1166 3978; x_wconf 84' lang='lat' dir='ltr'>lactum</span> <span class='ocrx_word' id='word_1_299' title='bbox 1188 3927 1257 3979; x_wconf 89' lang='lat' dir='ltr'>esse</span> <span class='ocrx_word' id='word_1_300' title='bbox 1280 3911 1523 3994; x_wconf 85' lang='lat' dir='ltr'>quingentorum</span> 
     </span>
     <span class='ocr_line' id='line_1_33' title="bbox 299 4017 1525 4108; baseline 0.001 -23"><span class='ocrx_word' id='word_1_301' title='bbox 299 4024 415 4086; x_wconf 88' lang='lat' dir='ltr'>censet.</span> <span class='ocrx_word' id='word_1_302' title='bbox 449 4017 653 4105; x_wconf 84' lang='lat' dir='ltr'>Eandemque</span> <span class='ocrx_word' id='word_1_303' title='bbox 675 4025 864 4091; x_wconf 88' lang='lat' dir='ltr'>sententiam</span> <span class='ocrx_word' id='word_1_304' title='bbox 882 4043 997 4108; x_wconf 87' lang='lat' dir='ltr'>omnes,</span> <span class='ocrx_word' id='word_1_305' title='bbox 1021 4025 1106 4108; x_wconf 92' lang='lat' dir='ltr'>quod</span> <span class='ocrx_word' id='word_1_306' title='bbox 1124 4024 1230 4108; x_wconf 90' lang='lat' dir='ltr'>sciam,</span> <span class='ocrx_word' id='word_1_307' title='bbox 1246 4023 1349 4092; x_wconf 87' lang='lat' dir='ltr'>adhuc</span> <span class='ocrx_word' id='word_1_308' title='bbox 1371 4019 1525 4090; x_wconf 79' lang='lat' dir='ltr'>tuentur.³</span> 
     </span>
    </p>
   </div>
   <div class='ocr_carea' id='block_1_3' title="bbox 304 4129 504 4144">
    <p class='ocr_par' dir='ltr' id='par_1_4' title="bbox 304 4129 504 4144">
     <span class='ocr_line' id='line_1_34' title="bbox 304 4129 504 4144; baseline 0.005 -2"><span class='ocrx_word' id='word_1_309' title='bbox 304 4129 504 4144; x_wconf 57' lang='lat' dir='ltr'>fl———n—-n—</span> 
     </span>
    </p>
   </div>
   <div class='ocr_carea' id='block_1_4' title="bbox 299 4173 1540 4757">
    <p class='ocr_par' dir='ltr' id='par_1_5' title="bbox 367 4173 850 4246">
     <span class='ocr_line' id='line_1_35' title="bbox 367 4173 850 4246; baseline 0.012 -21"><span class='ocrx_word' id='word_1_310' title='bbox 367 4173 376 4206; x_wconf 87' lang='lat'>¹</span> <span class='ocrx_word' id='word_1_311' title='bbox 394 4174 523 4227; x_wconf 73' lang='lat' dir='ltr'>scindor</span> <span class='ocrx_word' id='word_1_312' title='bbox 540 4175 686 4229; x_wconf 86' lang='lat' dir='ltr'>archontum</span> <span class='ocrx_word' id='word_1_313' title='bbox 703 4177 764 4246; x_wconf 76' lang='lat' dir='ltr'>Gap.</span> <span class='ocrx_word' id='word_1_314' title='bbox 781 4175 850 4230; x_wconf 86' lang='lat' dir='ltr'>XXI.</span> 
     </span>
    </p>

    <p class='ocr_par' dir='ltr' id='par_1_6' title="bbox 368 4259 835 4330">
     <span class='ocr_line' id='line_1_36' title="bbox 368 4259 835 4330; baseline 0.006 -17"><span class='ocrx_word' id='word_1_315' title='bbox 368 4259 435 4314; x_wconf 69' lang='lat' dir='ltr'>&#39;Gt</span> <span class='ocrx_word' id='word_1_316' title='bbox 452 4261 481 4312; x_wconf 89' lang='grc'>0.</span> <span class='ocrx_word' id='word_1_317' title='bbox 500 4261 520 4313; x_wconf 86' lang='lat' dir='ltr'>I.</span> <span class='ocrx_word' id='word_1_318' title='bbox 538 4262 599 4321; x_wconf 79' lang='lat'>320.</span> <span class='ocrx_word' id='word_1_319' title='bbox 617 4263 677 4327; x_wconf 88' lang='grc'>361,</span> <span class='ocrx_word' id='word_1_320' title='bbox 697 4264 756 4330; x_wconf 85' lang='grc'>381,</span> <span class='ocrx_word' id='word_1_321' title='bbox 775 4265 835 4320; x_wconf 87' lang='grc'>480.</span> 
     </span>
    </p>

    <p class='ocr_par' dir='ltr' id='par_1_7' title="bbox 299 4347 1540 4757">
     <span class='ocr_line' id='line_1_37' title="bbox 367 4347 1540 4422; baseline 0.007 -23"><span class='ocrx_word' id='word_1_322' title='bbox 367 4347 496 4401; x_wconf 75' lang='lat' dir='ltr'>³Ahrens</span> <span class='ocrx_word' id='word_1_323' title='bbox 513 4349 564 4409; x_wconf 87' lang='lat' dir='ltr'>„de</span> <span class='ocrx_word' id='word_1_324' title='bbox 581 4356 648 4402; x_wconf 86' lang='lat' dir='ltr'>statu</span> <span class='ocrx_word' id='word_1_325' title='bbox 666 4359 711 4404; x_wconf 87' lang='lat' dir='ltr'>eet.</span> <span class='ocrx_word' id='word_1_326' title='bbox 730 4369 789 4420; x_wconf 86' lang='lat' dir='ltr'>pag.</span> <span class='ocrx_word' id='word_1_327' title='bbox 808 4353 855 4408; x_wconf 78' lang='grc' dir='ltr'>29τ</span> <span class='ocrx_word' id='word_1_328' title='bbox 874 4353 943 4416; x_wconf 87' lang='lat' dir='ltr'>„iam</span> <span class='ocrx_word' id='word_1_329' title='bbox 961 4359 1095 4421; x_wconf 85' lang='lat' dir='ltr'>postquam</span> <span class='ocrx_word' id='word_1_330' title='bbox 1111 4351 1230 4405; x_wconf 82' lang='lat' dir='ltr'>Adrianis</span> <span class='ocrx_word' id='word_1_331' title='bbox 1248 4351 1327 4422; x_wconf 77' lang='lat' dir='ltr'>phyls</span> <span class='ocrx_word' id='word_1_332' title='bbox 1344 4353 1391 4407; x_wconf 86' lang='lat' dir='ltr'>suh</span> <span class='ocrx_word' id='word_1_333' title='bbox 1410 4353 1540 4418; x_wconf 20' lang='lat' dir='ltr'>Adriano-</span> 
     </span>
     <span class='ocr_line' id='line_1_38' title="bbox 299 4433 1523 4504; baseline 0.004 -15"><span class='ocrx_word' id='word_1_334' title='bbox 299 4442 446 4498; x_wconf 85' lang='lat' dir='ltr'>aoeessarat‚</span> <span class='ocrx_word' id='word_1_335' title='bbox 463 4433 575 4501; x_wconf 88' lang='lat' dir='ltr'>aliquam</span> <span class='ocrx_word' id='word_1_336' title='bbox 592 4434 618 4486; x_wconf 91' lang='lat' dir='ltr'>in</span> <span class='ocrx_word' id='word_1_337' title='bbox 636 4445 780 4490; x_wconf 87' lang='lat' dir='ltr'>senatorum</span> <span class='ocrx_word' id='word_1_338' title='bbox 798 4455 903 4491; x_wconf 88' lang='lat' dir='ltr'>numero</span> <span class='ocrx_word' id='word_1_339' title='bbox 920 4439 1083 4493; x_wconf 82' lang='lat' dir='ltr'>mutationem</span> <span class='ocrx_word' id='word_1_340' title='bbox 1100 4439 1192 4492; x_wconf 76' lang='lat' dir='ltr'>hetam</span> <span class='ocrx_word' id='word_1_341' title='bbox 1209 4457 1267 4493; x_wconf 86' lang='lat' dir='ltr'>esse</span> <span class='ocrx_word' id='word_1_342' title='bbox 1285 4439 1435 4494; x_wconf 78' lang='lat' dir='ltr'>concludere</span> <span class='ocrx_word' id='word_1_343' title='bbox 1447 4440 1523 4504; x_wconf 79' lang='lat' dir='ltr'>liost3</span> 
     </span>
     <span class='ocr_line' id='line_1_39' title="bbox 300 4523 1531 4598; baseline 0.006 -25"><span class='ocrx_word' id='word_1_344' title='bbox 300 4523 493 4590; x_wconf 86' lang='lat' dir='ltr'>quingentorum</span> <span class='ocrx_word' id='word_1_345' title='bbox 517 4537 575 4574; x_wconf 86' lang='lat' dir='ltr'>vero</span> <span class='ocrx_word' id='word_1_346' title='bbox 600 4539 732 4575; x_wconf 87' lang='lat' dir='ltr'>numerum</span> <span class='ocrx_word' id='word_1_347' title='bbox 757 4525 903 4578; x_wconf 85' lang='lat' dir='ltr'>restitutum</span> <span class='ocrx_word' id='word_1_348' title='bbox 928 4543 994 4590; x_wconf 86' lang='lat' dir='ltr'>esse,</span> <span class='ocrx_word' id='word_1_349' title='bbox 1021 4533 1048 4578; x_wconf 85' lang='lat' dir='ltr'>st</span> <span class='ocrx_word' id='word_1_350' title='bbox 1072 4523 1212 4579; x_wconf 80' lang='lat' dir='ltr'>Pausanias</span> <span class='ocrx_word' id='word_1_351' title='bbox 1231 4526 1263 4593; x_wconf 89' lang='grc' dir='ltr'>(Ι,</span> <span class='ocrx_word' id='word_1_352' title='bbox 1282 4525 1306 4582; x_wconf 82' lang='lat'>5·</span> <span class='ocrx_word' id='word_1_353' title='bbox 1325 4527 1349 4590; x_wconf 86' lang='lat'>1,</span> <span class='ocrx_word' id='word_1_354' title='bbox 1366 4525 1387 4590; x_wconf 89' lang='grc' dir='ltr'>Ι,</span> <span class='ocrx_word' id='word_1_355' title='bbox 1405 4527 1430 4582; x_wconf 86' lang='lat'>3.</span> <span class='ocrx_word' id='word_1_356' title='bbox 1449 4526 1479 4593; x_wconf 82' lang='lat'>4)</span> <span class='ocrx_word' id='word_1_357' title='bbox 1497 4533 1531 4598; x_wconf 80' lang='lat' dir='ltr'>et</span> 
     </span>
     <span class='ocr_line' id='line_1_40' title="bbox 299 4607 1523 4682; baseline 0.004 -23"><span class='ocrx_word' id='word_1_358' title='bbox 299 4609 486 4680; x_wconf 84' lang='lat' dir='ltr'>inscriptiones,</span> <span class='ocrx_word' id='word_1_359' title='bbox 504 4612 530 4663; x_wconf 90' lang='lat' dir='ltr'>in</span> <span class='ocrx_word' id='word_1_360' title='bbox 550 4610 641 4678; x_wconf 90' lang='lat' dir='ltr'>quibus</span> <span class='ocrx_word' id='word_1_361' title='bbox 659 4609 715 4662; x_wconf 85' lang='lat' dir='ltr'>suh.</span> <span class='ocrx_word' id='word_1_362' title='bbox 733 4607 768 4662; x_wconf 91' lang='lat' dir='ltr'>M.</span> <span class='ocrx_word' id='word_1_363' title='bbox 781 4608 885 4664; x_wconf 84' lang='lat' dir='ltr'>Aurelio</span> <span class='ocrx_word' id='word_1_364' title='bbox 902 4618 928 4664; x_wconf 84' lang='lat' dir='ltr'>ct</span> <span class='ocrx_word' id='word_1_365' title='bbox 944 4609 1108 4680; x_wconf 88' lang='lat' dir='ltr'>sequentibus</span> <span class='ocrx_word' id='word_1_366' title='bbox 1121 4610 1252 4682; x_wconf 84' lang='lat' dir='ltr'>quingenti</span> <span class='ocrx_word' id='word_1_367' title='bbox 1262 4611 1430 4680; x_wconf 85' lang='lat' dir='ltr'>reperiuntur,</span> <span class='ocrx_word' id='word_1_368' title='bbox 1448 4627 1523 4681; x_wconf 85' lang='lat' dir='ltr'>aper·</span> 
     </span>
     <span class='ocr_line' id='line_1_41' title="bbox 299 4697 580 4757; baseline 0.014 -7"><span class='ocrx_word' id='word_1_369' title='bbox 299 4697 396 4757; x_wconf 81' lang='lat' dir='ltr'>tissime</span> <span class='ocrx_word' id='word_1_370' title='bbox 413 4700 530 4756; x_wconf 84' lang='lat' dir='ltr'>docent.“</span> <span class='ocrx_word' id='word_1_371' title='bbox 547 4726 580 4737; x_wconf 90' lang='grc'>-</span> 
     </span>
    </p>
   </div>
   <div class='ocr_carea' id='block_1_5' title="bbox 0 0 1722 5340">
    <p class='ocr_par' dir='ltr' id='par_1_8' title="bbox 0 0 1722 5340">
     <span class='ocr_line' id='line_1_42' title="bbox 0 0 1722 5340; baseline 0 0"><span class='ocrx_word' id='word_1_372' title='bbox 0 0 1722 5340; x_wconf 95' lang='lat' dir='ltr'> </span> 
     </span>
    </p>
   </div>
  </div>
 </body>
</html>
