3418 5340
683 351 898 488 lna.-

173 609 268 676 modo
297 609 351 676 illa
382 609 415 676 in
450 610 495 677 eis
528 610 642 690 titulis,
675 607 725 674 vel
759 609 898 676 eiusdem
925 609 1053 691 aetatis,
1085 613 1257 694 conparent
1284 628 1406 676 eorum-

174 739 237 804 que
263 721 356 788 modo
375 720 442 802 hic,
469 721 561 787 modo
583 720 636 786 ille
658 719 734 787 ordo
758 722 915 806 cemitur;
946 721 1070 787 omnino
1093 721 1180 787 nulla
1203 727 1289 788 certa
1310 721 1404 787 huius

174 833 222 899 rei
251 833 333 898 ratio
359 831 456 899 fuisse
478 832 612 899 videtur.
656 834 760 913 Atque
783 833 862 900 adeo
885 851 923 899 ex
945 833 1088 900 omnibus
1110 833 1165 915 qui
1195 836 1304 899 extant
1325 833 1405 900 eius·

173 945 260 1012 modi
282 945 432 1028 catalogis
454 945 507 1010 ille
528 943 705 1012 Philistoris
728 945 840 1012 titulus
863 946 902 1012 de
925 963 986 1029 quo
1010 945 1116 1028 agitur
1137 945 1249 1012 unicus
1280 945 1406 1028 estqui

174 1061 224 1123 tot
244 1077 374 1124 numero
396 1055 477 1124 festa
500 1056 640 1137 exhihet3
663 1056 759 1123 ceteri
781 1075 889 1124 omnes
911 1057 1064 1140 praebent
1085 1057 1244 1141 pauciora.
1291 1056 1406 1135 Quam-

175 1187 271 1252 quam
299 1188 375 1236 casu
402 1169 538 1252 quodam
565 1169 642 1235 illud
672 1167 740 1235 fieri
769 1169 909 1250 potuisse
931 1169 1028 1235 nihilo
1051 1169 1152 1236 secius
1173 1167 1405 1235 concedendum

176 1289 234 1350 est.
275 1283 424 1349 Attamen
446 1279 537 1347 aliter
559 1281 767 1348 demonstrari
788 1287 893 1365 potest
915 1287 1084 1366 utrumque
1114 1281 1241 1349 titulum
1264 1279 1405 1348 eiusdem

176 1413 246 1462 esse
268 1395 356 1476 anni,
385 1395 405 1459 i.
428 1413 455 1460 e.
480 1394 589 1460 eodem
611 1395 669 1461 sub
692 1393 858 1476 archonte,
887 1399 1043 1472 cosmeta,
1071 1393 1272 1478 paedotriba,
1293 1392 1405 1461 ceteris

176 1507 311 1588 denique
341 1505 494 1589 gymnasii
523 1505 759 1588 magistratibus
787 1523 856 1572 esse
886 1510 1057 1573 exaratum.
1107 1505 1233 1572 Etenim
1262 1505 1294 1570 in
1322 1503 1405 1586 frag-

175 1625 281 1685 mento
312 1623 420 1684 nostro
450 1622 522 1700 post
551 1617 703 1683 festorum
736 1617 862 1683 nomina
891 1621 1061 1700 supersunt
1090 1617 1243 1699 quaedam
1272 1616 1407 1697 litterae,

175 1729 328 1812 reliquiae
349 1729 509 1795 nominum
531 1747 639 1795 eorum
661 1728 715 1810 qui
737 1727 946 1811 agonothetae
967 1728 1104 1796 fuerunt.
1144 1729 1232 1808 Quae
1254 1718 1405 1810 reliquiae

175 1847 370 1924 quantopere
392 1861 462 1908 cum
484 1841 530 1908 eis
551 1842 728 1908 nominihus
751 1859 831 1922 quae
853 1842 977 1924 integra
1003 1842 1035 1907 in
1056 1841 1177 1907 Philist.
1211 1837 1304 1905 titulo
1334 1840 1407 1920 post

176 1954 301 2038 singula
332 1953 484 2020 festorum
516 1954 643 2020 nomina
675 1959 879 2021 recensentur
906 1957 1081 2036 congruant
1114 1956 1147 2019 et
1179 1951 1336 2036 quadrent
1368 1968 1407 2015 ex

176 2068 341 2134 emendato
363 2066 539 2150 fragmento
561 2071 626 2132 tam
648 2067 812 2150 perspicue
835 2066 968 2148 adparet
988 2069 1026 2132 ut
1047 2063 1202 2132 dubitatio
1229 2081 1292 2128 non
1314 2060 1406 2127 relin·
1441 2101 1446 2112 ·

176 2185 301 2262 quatur.
345 2179 452 2246 Veluti
473 2199 518 2245 vs.
543 2183 561 2243 6
583 2179 734 2245 habemus
758 2176 887 2262 Α[ἴλιος;
918 2195 963 2243 vs.
989 2182 1022 2242 7:
1042 2171 1194 2259 Ἰο[ύλιος;
1216 2191 1261 2240 vs.
1286 2177 1321 2238 8:
1341 2164 1406 2236 ”Au-

177 2293 269 2375 ν[ιος;
289 2281 334 2358 vs.
351 2297 386 2357 9:
415 2290 562 2375 Τύλλ[ιος;
585 2309 629 2358 vu.
650 2295 704 2356 10:
728 2287 857 2370 Αἵλι[ος;
880 2307 926 2356 vs.
946 2295 1002 2355 11:
1027 2289 1043 2350 ὁ
1066 2286 1253 2375 κο[σμητῆς;
1276 2303 1323 2351 vs.
1350 2287 1405 2349 12:

175 2397 350 2484 Idiminium.
373 2440 415 2454 —

263 2518 332 2583 Iam
360 2536 401 2583 ne
429 2516 499 2598 quis
522 2519 649 2582 censeat
670 2513 911 2581 Pittalrisianum
942 2511 1151 2595 fragmentum
1179 2525 1248 2576 esse
1269 2506 1407 2591 particu-

176 2629 241 2696 lam
263 2632 420 2715 quandam
443 2629 584 2695 eiusdem
604 2627 718 2712 lapidis
742 2627 830 2694 cuius
845 2626 968 2691 Philist.
992 2624 1112 2706 titulus,
1135 2622 1239 2687 itaut
1261 2638 1323 2686 non
1343 2618 1405 2686 duo

176 2745 302 2811 diversa
316 2745 408 2810 unius
427 2742 637 2826 inscriptionis
658 2741 831 2808 habeamus
854 2738 1051 2821 exemplaria,
1074 2735 1130 2802 sed
1152 2751 1250 2800 unum
1271 2735 1405 2806 tantum,

175 2856 325 2940 conplura
350 2856 523 2939 inpediunt
569 2858 651 2921 Ante
680 2854 783 2920 omnia
806 2851 1022 2931 Cumanudes,
1050 2847 1105 2931 qui
1126 2844 1302 2911 Philistoris
1331 2843 1406 2907 tituss

173 2969 240 3033 lum
269 2969 495 3052 promulgavit,
525 2985 596 3034 cum
624 2967 749 3033 omnino
778 2985 840 3030 non
869 2964 944 3029 dicit
973 2981 1011 3028 ex
1032 2957 1193 3025 frustrulis
1216 2952 1405 3036 quibusdam

174 3079 302 3146 titulum
331 3098 366 3145 se
391 3079 602 3160 conposuisse,
626 3083 694 3144 tum
715 3076 816 3142 nostri
838 3073 1006 3158 fragmenti
1026 3069 1215 3138 mentionem
1237 3065 1312 3132 iacit
1339 3063 1406 3129 nul·

173 3193 247 3258 lam.
290 3191 420 3258 Accedit
441 3191 526 3272 quo'd
547 3191 580 3256 in
595 3189 712 3258 Pittalr.
734 3188 909 3271 fragmento
933 3189 1047 3252 cuneta
1068 3181 1254 3249 sollennium
1276 3176 1404 3242 nomina

173 3305 208 3370 in
226 3322 373 3370 versuum
395 3304 498 3384 initio,
522 3302 607 3368 aliud
629 3301 780 3368 adcurate
802 3301 912 3366 subter
933 3297 1020 3363 aliud
1042 3295 1168 3376 scripta,
1191 3290 1433 3359 inveniuntur.»

175 3415 295 3483 Contra
316 3417 350 3482 in
370 3414 451 3480 Phil.
475 3415 523 3479 ti.
548 3415 639 3480 modo
662 3415 694 3479 in
716 3415 865 3480 versuum
885 3409 984 3490 initio,
1008 3407 1100 3474 modo
1122 3405 1155 3471 in
1177 3403 1280 3471 medio
1302 3413 1407 3480 versu,

174 3529 269 3595 modo
290 3529 323 3594 in
345 3528 407 3595 fine
429 3526 553 3610 sculpta
575 3531 658 3593 sunt.
696 3527 838 3608 Denique
860 3525 892 3589 in
914 3521 994 3588 Phil.
1017 3520 1065 3585 tit.
1089 3536 1152 3584 uno
1175 3533 1268 3582 versu
1292 3519 1333 3593 (v.
1352 3515 1407 3589 28)

176 3643 238 3708 duo
262 3641 461 3708 continentur
483 3639 636 3706 festorum
658 3638 785 3704 nomina
807 3653 978 3717 eorumque
1000 3631 1218 3717 agonothetae,
1241 3626 1287 3692 ita

382 3749 520 3840 θησείων
543 3751 560 3812 ὁ
583 3750 753 3838 κοσμητὴς·
772 3744 967 3835 Ἀμφιεράων
989 3744 1042 3810 Κλ.
1059 3737 1165 3828 ’Άπεμ

176 3863 294 3930 Contra
319 3864 352 3930 in
372 3863 448 3930 Pitt.
478 3861 589 3945 fragm.
619 3862 715 3928 iidem
744 3859 954 3943 agonothetae
981 3875 1038 3939 per
1065 3855 1144 3921 duos
1169 3849 1315 3930 deinceps
1337 3865 1408 3915 ver-

175 3995 230 4044 sus
247 3979 476 4056 recensentur,
504 3973 549 4038 ita

589 4082 742 4173 Θησείων·
766 4083 783 4145 ὃ
806 4081 965 4169 κοσμητῆς

586 4193 785 4284 Ἀμφιαράων
807 4194 859 4258 Κλ.
877 4187 982 4279 ”Areo

263 4313 349 4393 Quae
377 4330 449 4379 eum
475 4311 522 4376 ita
548 4313 612 4377 sint
641 4308 771 4376 dubium
799 4325 861 4373 non
892 4308 941 4371 est
970 4302 1095 4369 diversa
1130 4317 1199 4369 csse
1221 4298 1410 4383 exemplaria

176 4425 318 4493 eiusdem
340 4421 561 4506 inscriptionis.

261 4537 418 4620 Perquam
438 4540 544 4602 antem
564 4532 630 4600 veri
653 4536 702 4598 est
723 4530 824 4597 simile
847 4534 880 4595 et
901 4529 961 4595 hoc
983 4527 1195 4610 fragmentum
1218 4530 1250 4591 et
1271 4524 1304 4590 id
1326 4521 1411 4606 qnod

174 4651 209 4716 in
220 4647 296 4733 Cap.
309 4649 359 4714 llI
374 4648 416 4714 ad
429 4647 563 4713 eundem
575 4663 692 4712 annum
704 4646 848 4726 spectare
861 4639 1082 4722 demonstravi,
1094 4637 1147 4706 scl.
1157 4633 1222 4796 Ἰἐΐ
1235 4635 1305 4726 App.
1317 4639 1410 4716 3160,
