3418 5340
680 391 891 452 ..13-

174 580 223 646 ita
243 579 373 661 longum
394 581 518 660 tempus
545 575 734 656 perdurasse
763 593 820 656 per
841 591 876 639 se
903 572 1104 656 intellegitur.
1159 572 1257 639 Immo
1291 571 1398 638 verisi-

174 693 246 757 mile
269 695 327 766 est,
348 689 507 774 integrum
529 707 600 754 mox
623 687 724 754 solum
740 691 901 769 receptum
925 702 994 751 esse
1017 684 1262 751 Atheniensibus
1284 681 1398 767 Callip-

174 803 278 886 picum
301 800 431 884 cyclum,
454 799 610 866 Metonico
632 798 726 880 plane
748 796 866 863 relicto.
900 796 944 861 Et
966 814 1040 862 1010
1062 795 1129 878 ipse
1143 795 1320 864 Boeckhius
1341 795 1362 863 l.
1377 795 1398 862 l.

175 931 246 996 pag.
270 917 309 978 62
332 912 414 978 hane
435 910 623 978 senteutiam
646 914 755 976 110111
777 907 898 974 dicens:
925 926 1016 973 »man
1040 907 1130 973 sollte
1154 906 1286 990 denken,
1308 906 1399 973 nech-

176 1025 247 1090 dem
268 1041 341 1088 man
364 1021 477 1089 einmal
499 1019 694 1104 angeiangen
715 1020 815 1100 hatte,
837 1018 1010 1084 secundaer
1040 1018 1122 1084 auch
1143 1018 1338 1102 Kallippisch
1360 1037 1401 1084 zu

177 1136 310 1212 datiran,
334 1134 437 1200 werde
458 1153 531 1199 man
558 1131 633 1200 bald
655 1150 734 1216 ganz
764 1149 836 1197 sum
859 1129 1091 1214 Kallippischen
1122 1131 1282 1198 Kelender
1310 1130 1400 1198 uber-

176 1265 339 1330 gegangen
362 1246 459 1312 sein«
505 1245 609 1328 Atque
641 1244 710 1326 hoc,
745 1248 782 1309 ut
814 1243 876 1309 iam
910 1243 990 1321 diri,
1024 1243 1100 1309 mihi
1133 1242 1259 1326 quidem
1291 1260 1401 1308 101010

179 1358 296 1424 iactum
319 1357 459 1432 videtur;
482 1356 567 1440 quod
589 1357 671 1422 idem
694 1359 780 1422 00110
809 1361 842 1422 01
862 1355 930 1438 ipse
958 1355 1134 1424 Boeckhius
1164 1354 1338 1422 censuisset
1358 1388 1402 1400 -

177 1475 268 1554 patet
288 1471 347 1537 hoc
369 1489 406 1536 ex
428 1470 477 1551 iis,
501 1489 583 1553 quae
605 1469 778 1550 attulimus,
802 1468 871 1534 eius
893 1467 997 1534 verbis
1020 1504 1061 1516 --
1083 1467 1144 1534 nisi
1166 1466 1258 1534 aliter
1280 1471 1317 1531 ut
1338 1470 1402 1531 sta·

178 1585 283 1647 tuerat
304 1585 477 1647 commotus
506 1585 591 1646 esset
623 1579 715 1646 titulo
738 1578 772 1645 O.
796 1580 820 1644 1.
843 1599 889 1662 gr.
914 1582 985 1662 267,
1018 1581 1072 1659 qui
1105 1597 1187 1645 anno
1212 1584 1251 1644 53
1274 1597 1304 1660 p.
1329 1575 1402 1643 Chr.

178 1711 240 1758 non
262 1691 441 1758 intercalari
463 1691 505 1758 sit
526 1691 671 1774 scriptus,
695 1710 765 1758 cum
795 1697 899 1757 tamen
922 1709 961 1757 ex
983 1688 1154 1774 Callippico
1187 1689 1273 1774 cyclo
1307 1689 1402 1757 inter-

180 1803 293 1869 calaris
315 1821 416 1869 annus
438 1803 625 1886 postuletur.
662 1803 706 1868 At
726 1804 753 1868 is
776 1803 941 1886 scrupulus
964 1822 1046 1870 nunc
1068 1803 1194 1885 quidem
1215 1807 1402 1870 remoretur.

179 1914 319 1979 Primum
341 1915 422 1980 enim
444 1934 481 1980 ex
505 1934 543 1982 ea
563 1935 608 1997 re,
631 1915 716 1998 quod
736 1915 789 1982 illo
812 1914 844 1980 in
866 1913 967 1999 titulol
987 1914 1150 1982 duodecim
1172 1915 1403 1998 gymnasiarchi

179 2031 403 2093 recenseantur
425 2044 623 2109 nequaquam
645 2026 756 2092 —uti
782 2025 962 2093 Boeckhius
993 2025 1092 2092 voluit
1116 2063 1159 2073 —
1181 2025 1259 2095 effici
1287 2045 1404 2094 annum
1483 2107 1486 2116 1

180 2137 265 2202 tituli
288 2157 351 2204 nou
374 2138 591 2204 intercalarem
612 2137 718 2214 luisse,
740 2136 822 2203 inira
843 2137 876 2202 in
898 2155 963 2220 cap.
980 2138 1023 2203 Π.
1046 2144 1192 2204 00011010
1215 2138 1403 2206 docebimus.

180 2248 311 2314 Accedit
326 2249 410 2330 quod
426 2248 544 2315 archon
554 2248 800 2334 Dionysodorus,
819 2249 872 2314 illo
892 2250 923 2316 iu
939 2248 1031 2316 titulo
1050 2253 1251 2331 memoratus,
1267 2269 1307 2316 ne
1322 2249 1406 2317 cadit

181 2360 316 2443 quidem,
332 2366 370 2426 ut
381 2361 556 2427 Boeckhius
575 2362 704 2441 censuit,
724 2362 756 2426 in
773 2380 802 2426 a.
818 2365 914 2442 53l54
923 2382 953 2445 p.
966 2359 1039 2428 Chr.
1056 2363 1111 2428 sed
1126 2363 1158 2427 in
1172 2381 1201 2428 a.
1213 2365 1309 2442 52l53
1321 2361 1405 2446 quod

180 2473 256 2538 item
270 2470 352 2537 inira
366 2471 641 2538 demonstrabitur.
664 2471 702 2538 ci.
719 2473 814 2538 index
829 2473 1024 2540 archontum.
1058 2474 1169 2556 Itaque
1186 2473 1238 2539 ille
1255 2472 1406 2540 Boeclrhii

182 2582 349 2665 scrupulus
372 2583 550 2650 etiamnunc
571 2603 634 2650 non
655 2588 764 2666 restat,
786 2603 888 2667 neque
916 2585 1088 2668 quidquam
1110 2589 1167 2665 est,
1196 2584 1281 2666 quod
1302 2589 1406 2666 poste-

183 2693 318 2760 rioribus
339 2695 533 2776 temporibus
556 2693 759 2777 Oallippicum
782 2695 902 2778 cyclum
924 2714 986 2762 non
1015 2697 1046 2762 in
1074 2713 1134 2762 usu
1166 2694 1263 2762 luisse
1294 2701 1407 2779 putare

184 2822 241 2870 nos
263 2805 379 2870 iubeat.
424 2806 529 2886 Atque
551 2805 629 2870 adeo
652 2805 759 2871 stetim
787 2808 827 2872 eb
855 2807 943 2873 initio
965 2811 1126 2889 receptum
1152 2825 1224 2872 eum
1251 2825 1321 2873 esse
1343 2809 1408 2873 Au-

183 2921 296 2998 gustus
319 2916 544 2982 Mommsenius
566 2918 697 2983 censuit.
742 2917 813 2984 Non
835 2933 905 2983 sum
927 2919 954 2984 is
982 2917 1132 3001 proiecto,
1164 2919 1218 3000 qui
1250 2925 1316 2984 tam
1337 2938 1406 3002 gro·

184 3027 276 3092 sibus
299 3034 332 3093 et
353 3027 508 3094 intricatis
531 3026 686 3094 derebus
716 3029 888 3112 quidquem
920 3028 1062 3112 prolerre
1095 3031 1210 3096 nedum
1242 3049 1299 3114 pro
1321 3037 1407 3096 certo

185 3142 326 3205 statuere
348 3139 495 3205 auserim.
540 3138 623 3204 illud
646 3158 751 3220 unum,
784 3141 869 3222 quod
902 3159 973 3206 cum
999 3160 1056 3224 per
1088 3159 1123 3208 se
1146 3142 1308 3224 probabile
1340 3146 1408 3207 tum

185 3251 280 3317 etiam
301 3249 362 3330 ipsi
382 3248 543 3317 Boeckhio
566 3286 608 3295 -
630 3257 666 3317 ut
689 3269 785 3334 supra
806 3252 1011 3317 indicavimus
1034 3253 1102 3318 eius
1124 3253 1224 3335 ipsius
1239 3252 1344 3320 verbis
1366 3288 1408 3299 —

184 3360 353 3427 verisimile
376 3361 418 3426 sit
438 3361 550 3442 visum,
573 3360 663 3427 lubet
684 3361 774 3428 nobis
796 3362 829 3427 in
859 3380 952 3428 usum
974 3368 1107 3430 vertere.
1152 3365 1299 3431 Pouimus
1332 3381 1407 3446 ergo

189 3471 394 3555 Callippicum
416 3472 546 3555 cyclum,
571 3471 666 3538 semel
695 3477 857 3554 receptum
891 3474 986 3538 etiam
1018 3454 1240 3558 imperatorum
1274 3481 1410 3543 aetatem

191 3585 389 3666 perdurasse.
433 3583 478 3649 Ut
500 3589 622 3664 autem,
656 3584 740 3667 quod
761 3583 833 3650 hinc
867 3584 1111 3652 demonstraturi
1144 3606 1262 3668 sumus,
1295 3586 1410 3653 clarius

187 3693 417 3777 perspiciatur,
432 3769 436 3776 ,
452 3712 551 3760 anuos
585 3695 638 3778 qui
670 3695 724 3761 hic
763 3700 901 3777 aguntur
936 3701 1102 3762 138-175
1140 3700 1172 3763 in
1205 3698 1411 3781 Callippicum

188 3805 308 3887 cyclum
330 3805 519 3888 redegimus.
565 3805 648 3872 Armi
670 3805 785 3873 litteris
809 3813 882 3887 ΕΜ
906 3807 1081 3891 significati,
1112 3815 1187 3876 sunt
1215 3809 1412 3876 embolimaei

186 3915 236 3982 101
257 3915 462 3982 intercalares
484 3936 522 3983 ex
545 3917 623 4000 cycli
645 3919 776 3984 ratione.

195 4139 335 4190 finitionem
357 4139 407 4190 iam
426 4157 475 4190 non
494 4141 526 4190 sd
543 4139 652 4192 Melonis
675 4151 701 4193 et
723 4141 832 4210 Caliippi
854 4143 979 4212 cyclorum
1004 4145 1112 4196 rationes
1136 4162 1212 4212 posse
1234 4143 1345 4196 revocari
1367 4142 1413 4194 sed

187 4233 261 4284 elisor
278 4233 473 4301 intellegendam
492 4251 548 4286 esse
566 4236 632 4286 dicit
663 4235 751 4301 Neque
770 4249 853 4288 tamen
872 4257 901 4290 00
919 4256 946 4290 10
962 4239 1118 4306 hypothesis,
1137 4255 1186 4304 qna
1205 4255 1265 4290 usus
1284 4255 1348 4301 snm,
1367 4237 1411 4288 scl.

188 4327 358 4395 Callippieum
377 4328 475 4396 cyclum
495 4329 517 4380 01
536 4331 619 4382 minus
640 4331 725 4382 statim
744 4332 775 4383 ab
793 4332 862 4384 initio
881 4342 907 4384 01
924 4333 1029 4399 posteris
1048 4341 1130 4385 1011011
1147 4333 1301 4400 temporibus
1319 4333 1345 4384 in
1364 4347 1413 4383 usu

187 4421 266 4474 icisse
284 4422 483 4486 Atheniensium,
501 4433 648 4478 remoretur.
