3436 5326
744 1137 838 1225 XXI.

566 1345 707 1434 Illllllll
734 1342 1019 1435 niterentur.

180 1555 259 1646 Cum
284 1599 321 1645 ex
355 1580 615 1646 commentatione
643 1579 753 1646 XVIII
787 1583 835 1644 tot
868 1579 1002 1661 primum
1036 1579 1229 1645 innotuerint
1265 1579 1406 1662 eponymi

178 1693 309 1758 Athenis
333 1693 497 1758 archontes
520 1692 743 1773 imperatorum
765 1692 888 1774 aetatis,
912 1709 1045 1774 cumque
1067 1691 1158 1758 multi
1178 1691 1241 1772 alii,
1264 1690 1407 1774 quamvis

177 1805 238 1868 iam
261 1805 341 1880 noti,
364 1823 446 1870 nunc
470 1804 595 1870 demum
616 1803 648 1868 iu
671 1803 984 1870 commentationibus
1006 1802 1122 1868 nostrIs
1145 1804 1185 1868 ad
1210 1821 1283 1868 suos
1310 1819 1408 1868 annes

177 1917 294 1982 autad
318 1935 407 1982 suam
429 1920 566 1982 aetatem
589 1916 652 1981 siut
674 1915 822 1995 revocati,
846 1933 916 1980 curn
937 1915 1069 1997 denique
1084 1915 1133 1981 vel
1148 1915 1179 1980 in
1195 1914 1408 1980 recentissirne

180 2027 321 2094 confecto
344 2027 529 2093 archontum
552 2025 693 2110 catalogo
718 2025 816 2108 (apud
831 2025 1104 2092 Wcstermannum
1126 2025 1157 2090 in
1179 2025 1259 2091 libro
1281 2026 1408 2109 »Pauly,

175 2139 392 2222 Realeneycl.c
416 2139 441 2216 Ι,
464 2143 493 2203 2.
517 2139 583 2204 edit
606 2139 652 2218 113
682 2157 753 2220 pag.
780 2142 1012 2220 latr—1481.)
1035 2137 1185 2220 conplura
1206 2137 1331 2204 nomina
1352 2143 1408 2204 aut

175 2253 268 2335 plane
290 2252 406 2318 omissa
427 2287 471 2298 —-
494 2251 635 2332 quamvls
658 2251 721 2316 iam
743 2250 954 2316 iunotuissent
974 2285 1017 2295 —
1039 2253 1095 2314 aut
1116 2250 1261 2318 inmerito
1281 2254 1407 2332 recepta

175 2369 231 2430 aut
254 2365 390 2446 denique
413 2364 523 2430 eadem
545 2364 593 2429 bis
616 2368 717 2443 terve,
745 2363 835 2446 quasi
858 2363 995 2443 diversa,
1022 2362 1177 2428 recensita
1199 2361 1406 2439 inveniantur,

176 2477 280 2542 visum
306 2481 355 2541 est
381 2495 495 2559 operae
520 2477 656 2558 pretinm
685 2476 803 2542 iustum
831 2476 1016 2542 archontum
1043 2476 1266 2560 imperatorum
1293 2474 1406 2540 aetatis

173 2587 353 2668 catalogum
375 2587 427 2652 hle
449 2586 600 2654 conficere
624 2605 695 2652 cum
718 2592 845 2653 auctum
869 2593 936 2652 tum
959 2589 1168 2654 emendatum.

264 2698 450 2764 »Africanus
474 2696 537 2784 (ap.
561 2699 676 2764 Euseh.
693 2697 806 2763 Chron.
830 2719 860 2781 p.
877 2704 931 2780 47)
955 2700 995 2764 ab
1012 2699 1145 2766 Creonte
1167 2699 1267 2781 primo
1289 2717 1407 2764 annuo·

174 2830 245 2876 rum
276 2811 462 2876 archontum
491 2809 531 2874 ad
559 2809 715 2874 Philinum
746 2809 811 2874 sive
838 2811 878 2875 ad
906 2809 1027 2892 Olymp.
1053 2815 1123 2890 249,
1152 2816 1172 2873 4
1199 2828 1313 2890 usque,
1344 2827 1406 2890 quo

178 2922 304 3005 quidem
327 2941 408 2986 anno
432 2920 550 2986 Gratus
573 2920 761 2986 Sabinianus
785 2927 817 2987 et
839 2921 987 2988 Seleucea
1009 2921 1153 2988 consules
1176 2920 1309 3000 fueriut,
1331 2938 1407 2985 non-

175 3040 286 3118 gentos
309 3039 375 3100 tres
397 3034 564 3099 archontas
593 3033 689 3099 fulsse
719 3034 842 3100 scribit:
874 3029 931 3119 ἀφ’
963 3031 999 3096 οὗ
1017 3031 1078 3098 ἐπὶ
1108 3033 1162 3121 τὴν
1192 3032 1405 3120 ὃιοιοοιοοιὴν

176 3146 385 3234 πεντηκοστὴν
411 3140 597 3230 Ὀλυμπιάδα
620 3144 771 3234 ἄρχοντες
791 3143 962 3208 ἐννακόσιοι
985 3145 1032 3207 nal
1055 3147 1140 3231 τρεῖς
1158 3144 1250 3234 μέχρι
1274 3143 1404 3221 Φιλίνου,

176 3255 246 3321 καθ’
272 3257 308 3320 ὃν
332 3257 484 3320 indracon
501 3253 658 3342 Ῥωμαίων
679 3254 803 3340 Γρᾶτος
823 3253 1012 3338 Σαβινιιινός
1033 3258 1081 3319 rai
1100 3255 1263 3328 Σέλευκος.
1297 3259 1338 3322 Hi
1353 3275 1407 3322 au·

175 3375 240 3435 tem
263 3369 407 3436 consules
432 3389 503 3436 cum
524 3370 654 3453 imperio
677 3367 805 3435 luerunt
827 3389 856 3451 p.
873 3368 946 3436 Chr.
965 3374 1056 3434 itia
1093 3370 1147 3451 (M.
1164 3371 1202 3434 H.
1218 3369 1254 3434 E.
1271 3370 1406 3435 Melerus

174 3480 206 3546 in
231 3499 342 3548 comm.
366 3484 463 3564 epigr.
488 3482 553 3563 ll).
595 3480 673 3547 Inde
696 3481 843 3546 credibile
866 3499 935 3546 esse
957 3485 1064 3547 censet
1085 3481 1222 3546 Melerus
1249 3481 1289 3546 ab
1312 3480 1405 3545 Athe-

174 3594 334 3660 niensibus
358 3593 443 3658 ultra
464 3592 552 3659 illum
574 3611 691 3658 anuum
713 3592 879 3658 archontas
908 3611 1078 3674 eponymos
1108 3595 1165 3656 aut
1194 3591 1317 3656 omniuo
1345 3611 1407 3657 non

175 3707 307 3789 amplius
329 3705 427 3771 salsae
450 3711 506 3771 aut
534 3711 622 3772 extra
651 3706 791 3771 ordinem
818 3711 957 3780 tantum;
989 3705 1144 3785 »alioquin
1174 3724 1236 3768 non
1266 3708 1406 3786 apparet,

175 3820 280 3884 curel
302 3819 500 3902 poIIssimum
523 3841 603 3887 anno
628 3822 714 3886 illam
737 3826 844 3887 notam
867 3822 1070 3904 adscripserit
1085 3820 1280 3886 hincarus«
1320 3821 1407 3898 Quae

175 3931 331 3996 sententia
353 3951 435 3998 nunc
459 3933 583 4015 quidem
608 3952 670 3998 non
692 3937 797 4013 potest
817 3933 955 4014 retineri,
978 3952 1050 3999 cum
1074 3933 1237 4014 conplures
1259 3933 1290 3997 ln
1307 3932 1406 3997 tituIIs

178 4047 288 4122 postea
310 4043 427 4110 Inventi
451 4044 514 4108 sint
536 4043 590 4124 qui
612 4045 696 4108 ultra
718 4044 805 4108 illurn
833 4062 950 4108 annum
973 4045 1142 4129 archontes
1172 4044 1314 4125 epouymi
1341 4041 1407 4108 lue·

175 4157 259 4218 runt.
305 4154 394 4232 Quod
425 4174 499 4220 vero
525 4155 569 4219 illi
596 4155 792 4236 potissimum
819 4172 901 4220 anno
928 4154 1093 4220 Africanus
1125 4174 1192 4221 eam
1222 4159 1328 4220 notam
1353 4155 1406 4220 ad-

173 4267 299 4347 scripsit
321 4265 407 4332 nulla
429 4266 491 4332 alia
514 4267 553 4334 de
575 4285 672 4333 causa
693 4266 811 4332 factum
834 4285 903 4333 esse
926 4269 1076 4349 suspicor,
1100 4267 1159 4332 nisi
1182 4267 1256 4350 quia
1276 4267 1328 4332 illo
1344 4265 1405 4333 for-

173 4382 258 4442 tasse
273 4396 355 4446 anno
372 4379 444 4459 (221
470 4399 500 4461 p.
518 4377 603 4461 chr.)
626 4397 705 4461 opus
722 4396 812 4443 suum
833 4377 1056 4464 (πεντάβιβλον
1074 4375 1310 4467 χρονολογικόν)
1334 4397 1403 4444 0011-

171 4489 321 4570 posuerit,
346 4471 452 4570 itaque
474 4489 558 4555 ultra
581 4509 652 4554 eum
674 4509 791 4555 anuum
812 4490 867 4555 illa
884 4490 923 4555 de
938 4489 1141 4557 archontibus
1156 4495 1231 4556 nota
1245 4490 1404 4572 pertinere

173 4618 234 4664 nou
257 4601 404 4684 potuerit.
450 4600 537 4668 Haec
560 4601 724 4684 explicatio
747 4602 847 4683 prima
870 4621 904 4668 se
927 4601 1026 4669 effert.
