3436 5326
664 379 897 446 -135-

169 565 232 644 111,
258 567 330 643 359,
356 570 374 630 3
397 563 502 647 (titulo
523 583 592 631 meo
613 562 727 630 iudicio
743 563 966 647 imperatorum
981 567 1085 632 aetate
1100 567 1245 652 scripto);
1267 567 1349 636 idem
1362 567 1395 635 in

169 675 261 742 titulo
278 675 348 742 Deli
364 677 487 744 Atticae
509 675 543 742 C.
560 677 584 741 1.
601 679 694 742 2287.
726 676 868 760 Denique
884 675 914 738 K
915 677 1042 763 ollrxp
1051 676 1230 766 [nrldpri]
1255 679 1335 766 (Col.
1352 681 1392 762 V)

168 788 286 854 archon
314 794 362 853 est
390 788 422 852 in
444 788 492 853 tit.
515 788 646 870 prem.
675 787 758 853 arch.
789 791 866 869 640,
898 786 1020 854 Claudii
1048 788 1114 858 iere
1141 795 1246 858 aetate
1276 793 1392 875 scripto

169 898 222 980 (ci.
245 899 303 964 No.
320 899 395 966 XVI
416 919 486 981 pag.
505 903 565 964 128
588 899 678 980 sqq.).

254 1011 342 1088 Quae
364 1030 433 1077 curn
456 1010 501 1076 ita
522 1010 601 1090 sint,
630 1029 692 1076 non
714 1009 822 1076 dubito
852 1029 908 1092 pro
939 1015 1024 1078 certo
1053 1012 1156 1080 dicere
1183 1013 1392 1098 fragmentum

167 1140 237 1188 esse
260 1123 391 1188 indicem
415 1141 635 1206 eponymorum
658 1123 852 1190 archontum.

254 1233 316 1299 Sed
339 1253 432 1316 qnam
455 1234 503 1301 ad,
518 1239 652 1300 aetutem
676 1236 818 1318 spectat?
851 1235 1051 1316 Archontum,
1075 1256 1154 1320 quos
1175 1239 1267 1305 modo
1289 1241 1391 1322 attuli,

166 1343 233 1410 fere
256 1346 391 1411 omnium
414 1365 515 1412 annus
537 1365 648 1429 parom
671 1350 802 1414 constat.
842 1348 931 1414 Unus
946 1347 1215 1436 Kallrrpmrldpc]
1237 1350 1270 1414 in
1285 1351 1341 1417 col.
1354 1351 1391 1432 V,

166 1456 194 1520 si
216 1457 341 1537 quidem
364 1463 448 1523 recte
471 1457 605 1538 explevi,
635 1462 754 1522 certum
778 1459 927 1540 temporis
954 1457 1103 1524 indicium
1132 1459 1265 1526 exhibet.
1310 1463 1390 1528 Eum

166 1587 230 1634 uno
253 1569 302 1633 vel
314 1569 436 1635 duobus
452 1569 541 1634 annis
556 1570 668 1634 abesse
684 1570 723 1635 ab
740 1571 890 1636 archonte
906 1571 1095 1652 Metrodoro,
1119 1571 1172 1652 qui
1187 1569 1253 1653 ipse
1270 1571 1391 1640 Claudii

166 1686 272 1746 aetate
294 1700 424 1746 munere
439 1687 487 1748 cst
501 1681 636 1758 iunctus,
659 1699 754 1763 supra
773 1682 805 1746 in
821 1682 878 1747 No.
895 1682 968 1748 XVI
990 1701 1059 1764 pag.
1077 1688 1146 1765 128,
1173 1685 1232 1750 129
1247 1663 1390 1752 iudicavi.

167 1791 328 1857 Vocamur
350 1813 424 1875 ergo
449 1794 480 1858 in
504 1792 626 1860 Claudii
649 1792 714 1858 iere
735 1793 931 1874 imperatoris
953 1798 1098 1862 aetatem.
1142 1795 1209 1861 Iam
1230 1797 1391 1879 inspicien-

164 1903 226 1967 dus
248 1905 309 1970 erit
330 1905 438 1986 index,
470 1911 506 1971 ut
528 1905 687 1970 videamus
710 1924 784 1970 num
813 1925 923 1971 revera
950 1906 980 1970 in
1008 1925 1044 1972 eo
1073 1907 1249 1974 inveniatur
1272 1908 1392 1995 Μητρό-

165 2014 291 2100 δωρος,
327 2022 360 2081 et
387 2017 511 2100 quidem
540 2017 607 2084 loco
636 2017 777 2098 proximo
810 2037 830 2082 a
860 2015 1058 2082 Callicratide
1091 2018 1137 2098 (in
1166 2018 1219 2086 col.
1243 2016 1296 2102 V).
1340 2019 1390 2086 In-

163 2133 289 2208 tegrum
311 2128 437 2208 quidem
459 2146 571 2194 nomen
595 2128 810 2215 Μητρόδωρος
832 2129 876 2194 ibi
898 2148 960 2195 non
974 2129 1145 2210 reperitur;
1168 2135 1201 2196 at
1218 2149 1261 2196 vs.
1281 2135 1308 2207 1,
1329 2151 1391 2197 uno

164 2238 289 2304 nomine
311 2238 511 2320 interposito,
534 2246 678 2321 superest
700 2259 737 2306 ex
759 2241 883 2306 nomine
904 2241 1038 2322 quodam
1060 2240 1188 2308 initialis
1211 2239 1317 2307 littera
1339 2242 1388 2317 M;

163 2349 232 2414 veri
253 2348 289 2412 fit
311 2349 410 2415 simile
433 2351 584 2431 scriptum
607 2353 650 2417 ibi
672 2351 769 2418 fnisse
792 2352 1017 2441 Μητρόδωρον.

249 2460 436 2545 Priusquam
459 2481 541 2528 nunc
564 2463 698 2544 amplius
720 2464 959 2545 investigemus,
988 2482 1114 2530 monere
1136 2464 1229 2530 liceat
1256 2465 1390 2547 primum

163 2572 374 2656 fragmentum
395 2579 553 2655 nostrum,
575 2579 684 2656 utpote
706 2574 790 2657 quod
813 2574 973 2654 inferiore,
1003 2575 1177 2656 superiore,
1207 2576 1315 2642 dextro
1339 2577 1391 2642 de-

163 2684 259 2766 nique
281 2705 319 2751 ex
342 2686 439 2752 latere
470 2685 559 2751 valde
587 2687 816 2764 sitonicum,
845 2685 878 2748 in
906 2684 1010 2766 lapide
1039 2686 1116 2751 satis
1145 2686 1278 2752 tortasse
1306 2687 1390 2752 laeso

163 2796 297 2862 inveniri
318 2797 425 2878 itaque
446 2797 525 2862 haut
546 2797 590 2862 ita
612 2795 703 2862 facile
725 2814 794 2862 esse
815 2796 914 2876 lectu,
940 2796 1052 2862 deinde
1076 2816 1148 2862 vero
1171 2815 1190 2860 a
1212 2795 1389 2862 Pr'rtalrr'oio

164 2926 234 2974 esse
257 2908 447 2990 descriptum
470 2927 601 2990 eamque
623 2909 723 2990 ipsam
746 2909 785 2974 ob
809 2926 935 2973 causam
958 2925 1018 2972 non
1042 2907 1125 2972 omni
1140 2927 1178 2973 ex
1192 2913 1282 2990 parte
1296 2906 1389 2976 fidem

163 3038 234 3086 csse
256 3019 447 3101 habendam3
475 3021 557 3086 unde
580 3021 681 3086 sires
703 3019 878 3103 postulent,
906 3018 956 3084 hio
979 3017 1041 3083 illie
1070 3037 1090 3084 a
1111 3017 1227 3085 Pittak.
1256 3018 1389 3086 lectione

163 3134 310 3200 recedere
331 3132 433 3199 liceat.

249 3247 316 3312 Iam
340 3265 412 3311 vero
435 3265 473 3312 ox
496 3245 618 3310 Claudii
640 3244 705 3311 lere
732 3249 836 3312 aetate
863 3245 1027 3327 conplures
1055 3243 1221 3310 archontes
1248 3242 1388 3309 innotue-

163 3362 238 3425 runt
259 3378 298 3424 ex
320 3356 427 3439 Phleg.
450 3355 544 3422 Trall.
568 3357 606 3422 de
628 3356 760 3422 mirabil.
806 3356 912 3422 Veluti

245 3465 490 3554 Ἀντίπατρος
511 3471 608 3548 tolca
632 3487 662 3551 p.
688 3467 761 3532 Chr.
785 3464 906 3550 (Phleg.
928 3465 949 3530 l.
973 3465 993 3530 l.
1016 3483 1041 3532 c.
1067 3463 1111 3550 6.)

249 3581 485 3666 Δεινόφιλος
506 3583 604 3662 tasso
627 3598 657 3661 p.
682 3579 754 3644 Chr.
779 3577 898 3662 (Phleg.
923 3596 948 3644 υ.
966 3577 1030 3659 22.)

249 3691 547 3778 Διονυσόδωρος
571 3696 666 3774 salsa
689 3709 718 3773 p.
741 3689 829 3757 Chr.¹
857 3689 976 3773 (Phleg.
999 3707 1026 3754 c.
1051 3688 1093 3770 7.)

168 3849 371 3860 —u—-u——n—

234 3936 243 3969 ¹
262 3933 382 3998 Maiarum
400 3951 464 3986 com.
482 3933 560 4001 epigr.
578 3933 604 3984 ΙΙ
622 3950 648 4000 p.
661 3933 695 3987 83
713 3931 831 3984 adscribit
850 3948 907 3982 eum
925 3947 990 3981 anno
1008 3905 1044 4012 ἓ
1061 3947 1085 3996 p.
1105 3929 1172 3991 chr,
1196 3929 1264 3996 qnod
1285 3935 1310 3980 et
1333 3929 1389 3996 ipse

1361 4023 1386 4062 58

164 4074 241 4124 supra
264 4055 360 4123 scripsi.
397 4053 489 4106 Contra
508 4051 650 4104 Boeclrhius
675 4051 729 4116 (aur
747 4049 895 4102 Cescbichte
919 4049 944 4101 d.
967 4048 1133 4116 Mondcyelen
1157 4065 1183 4115 p.
1202 4048 1246 4114 62)
1269 4066 1334 4100 anno
1354 4077 1389 4132 ᾖ

164 4187 190 4235 p.
209 4167 266 4218 chr.
301 4167 443 4231 Utrumque
460 4183 505 4231 per
522 4181 549 4214 se
568 4170 651 4230 potest
668 4161 729 4214 fieri.
759 4160 823 4213 Nam
842 4161 955 4227 Phlegon
972 4159 1126 4221 Trallianus,
1145 4160 1257 4226 quamvis
1275 4161 1389 4212 Graecus

163 4269 254 4320 graeca
272 4252 407 4319 scripserit,
425 4253 526 4318 scripsit
542 4259 625 4302 tamen
637 4249 755 4300 Romanis
769 4257 794 4300 et
806 4249 872 4299 inter·
882 4248 1010 4298 Romanos
1022 4246 1129 4312 ideoque
1142 4253 1261 4312 conputat
1273 4263 1303 4297 ex
1315 4246 1389 4304 annis

165 4337 239 4390 Urbis
257 4337 378 4388 conditas.
413 4338 500 4403 Itaque
518 4353 573 4388 cum
591 4338 673 4402 capi
692 4335 777 4386 scribit
796 4331 850 4384 ἐπ’
873 4329 1009 4402 ἄρχοντος
1028 4329 1151 4400 Ἀθήνησι
1175 4328 1391 4399 Διονυσοδώρου,-

166 4421 354 4476 proventuros
373 4421 401 4472 ἐν
422 4417 507 4491 Ῥώμῃ
528 4420 641 4484 Δεκίμου
656 4417 762 4472 Ἰουνίου
781 4414 893 4469 Σιλανοῦ
914 4413 1086 4486 Τορκουάτου
1108 4414 1152 4466 καὶ
1168 4411 1283 4468 Κοΐντου
1303 4412 1389 4466 iisse·

165 4507 226 4578 ρίου
247 4505 439 4572 Ἄντωνείνου,ι
464 4507 579 4573 intellegi
602 4507 658 4558 vult
678 4523 771 4556 annum
787 4506 819 4558 U.
839 4505 867 4556 C.
886 4505 950 4564 8063
974 4521 1004 4554 co
1028 4503 1095 4554 enim
1118 4520 1183 4554 anno
1207 4502 1246 4555 illi
1271 4501 1388 4552 consules

165 4596 191 4652 in
209 4594 281 4651 lastis
300 4602 442 4652 occurrunt.
478 4593 568 4650 Incidit
585 4600 668 4647 autem
685 4611 707 4644 a.
726 4592 756 4649 U.
775 4591 803 4646 C.
822 4591 872 4648 806
891 4590 970 4644 altera
987 4607 1017 4644 ex
1038 4597 1108 4664 parte
1130 4589 1157 4643 iu
1175 4588 1276 4656 Olymp.
1293 4587 1388 4649 adut
