3418 5340
700 393 912 456 ..53-

191 578 223 642 in
253 577 455 644 instituendis
486 577 695 644 Panhelleniis
723 577 874 660 originem
907 579 1034 645 duxisse
1064 581 1104 646 ab
1137 555 1421 663 quinquennalibus

190 688 253 756 illis
267 686 468 764 Eleutheriis,
490 689 663 756 inmutasse
683 695 790 758 tamen
811 689 884 757 lasti
905 695 939 758 et
959 708 1072 757 noman
1094 691 1260 774 attacum,
1284 692 1421 776 ephebos

191 805 298 866 autem
325 807 463 867 veterem
487 800 561 868 festi
583 803 764 868 memoriam
790 801 841 886 pie
869 802 1007 870 colentes
1036 803 1206 869 etiamtunc
1234 804 1345 870 codem
1370 823 1420 871 us·

191 930 253 994 que
275 916 415 995 tempore
437 930 499 994 quo
522 912 655 980 Athenis
684 913 925 981 celebrabantur
946 912 1148 980 Panhellenia
1174 914 1331 998 proiectos
1353 933 1422 982 esse

190 1023 346 1090 Plataeas.
390 1024 459 1090 Iam
484 1041 558 1090 vero
587 1025 641 1105 qui
672 1031 721 1092 est
748 1025 801 1092 ille
821 1024 1015 1092 Plataeensis
1048 1023 1228 1108 ιδιάλογοςι
1260 1030 1318 1092 aut
1346 1007 1422 1109 quid

191 1132 369 1216 significat?
413 1135 562 1202 Fortasse
584 1136 616 1201 in
638 1137 819 1204 memoriam
834 1136 1029 1204 Plataeensis
1052 1135 1091 1203 do
1113 1137 1218 1203 Persis
1241 1141 1423 1220 reportatae

191 1245 343 1312 victoriae
364 1246 565 1328 omniumque
587 1247 780 1315 Graecorum
801 1247 834 1314 in
855 1247 1033 1316 libertatem
1049 1247 1270 1314 vindicationis
1292 1229 1420 1331 quidam

191 1376 230 1424 en
260 1357 389 1438 ephebis
411 1363 468 1424 aut
497 1364 609 1440 sponte
638 1377 696 1426 sua
726 1363 782 1426 aut
809 1377 828 1426 a
854 1363 993 1426 cosmeta
1014 1359 1093 1426 iussi
1115 1359 1272 1426 orationes
1294 1357 1421 1425 demon-

191 1469 340 1534 strativas
363 1467 413 1536 vel
433 1471 640 1554 panegyricas
668 1469 723 1536 illa
744 1470 908 1538 occasione
929 1470 975 1536 ita
1003 1467 1164 1537 habebant
1192 1473 1229 1536 ut
1257 1487 1292 1535 se
1313 1467 1421 1552 plures

190 1579 273 1646 inter
292 1597 327 1647 se
348 1580 528 1664 exciperent
548 1582 580 1648 in
598 1582 739 1664 dicendo,
762 1582 847 1666 quod
862 1582 1017 1649 vocabant
1031 1579 1206 1664 ‹lectrloyoa¹
1243 1579 1331 1660 Quae
1353 1597 1422 1645 sen-

190 1693 292 1759 tentia
318 1711 382 1758 non
409 1711 538 1774 prorsus
568 1713 588 1759 a
619 1713 693 1761 vero
724 1693 827 1760 aliena
855 1711 926 1760 esse
948 1693 1106 1770 videatur,
1136 1691 1323 1775 praesertim
1350 1709 1427 1757 oum·

192 1805 288 1870 etiam
310 1803 382 1870 aliis
404 1805 621 1872 occasionibus
643 1805 765 1872 ludisne
787 1805 827 1872 ab
858 1804 986 1887 ephebis
1016 1803 1174 1872 orationes
1203 1819 1272 1869 asse
1297 1801 1422 1869 habitas

192 1915 364 1982 doceamur
386 1915 479 1983 titulo
503 1914 566 1982 od.
591 1917 645 1999 1v,
663 1921 734 1994 344,
758 1922 786 1998 2,
810 1917 865 1983 ubi
886 1933 931 1982 us,
950 1919 990 1982 68
1013 1931 1079 1997 sqq.
1102 1913 1183 2002 (Ool.
1199 1913 1262 1998 III)
1285 1913 1330 1980 sic
1352 1931 1424 1981 oon·

191 2028 271 2112 pleri
293 2027 374 2104 uolo,

717 2139 874 2224 [λόγους
894 2160 1069 2225 προτρε-

348 2251 512 2322 πτικοὺς
533 2250 643 2316 εἶπον
665 2251 865 2338 Καλλίφ[ρων
887 2248 1012 2338 Προτεί-

345 2385 408 2446 μον
431 2363 480 2426 καὶ
501 2360 579 2426 Zaa.
596 2359 824 2450 ²A19puoytvp[c.
849 2363 935 2433 τοῖς

350 2473 501 2544 ἁλώοις
522 2478 597 2538 τῶν
619 2473 779 2562 ἐφήβων
801 2474 953 2557 λόγο[νς
975 2476 1084 2538 εἷπον

349 2583 402 2650 Φλ.
435 2579 633 2671 Ἡλιόδωρος,
659 2584 712 2651 Φλ.
746 2584 959 2674 Μηνοχῌὶρης,

348 2673 536 2780 Καλλίφρών
558 2693 744 2781 Προτείμοο,
767 2693 842 2762 Στά.
866 2692 967 2783 [Ἀλη-

352 2806 496 2896 νογένιρς·
519 2815 576 2894 τῷ
598 2807 689 2892 περὶ
711 2806 833 2893 ἀλκῆς
853 2805 910 2893 (sc.
932 2804 1047 2888 λόγον
1070 2802 1194 2889 εἴπεν)

639 2917 798 3005 Αὐρήλιος
813 2913 1004 3004 Ἀλκαμένης.

192 3031 257 3098 Sed
278 3032 357 3098 satis
379 3049 463 3098 nunc
485 3031 545 3098 hae
568 3031 608 3097 de
630 3049 674 3097 re.

279 3144 456 3212 Secundum
472 3147 616 3211 nostram
630 3142 864 3223 inscriptionem
879 3140 995 3224 singuli
1016 3138 1129 3222 ephebi
1144 3143 1259 3214 ternos,
1282 3137 1425 3222 magistri

191 3256 390 3338 ministrique
414 3256 527 3339 quinos
550 3256 695 3322 denarios
716 3255 750 3321 in
771 3255 826 3321 illa
847 3254 998 3337 pecuniae
1020 3252 1242 3320 distributione
1256 3251 1424 3334 accipiunt.

193 3368 315 3435 Contra
337 3369 369 3433 in
393 3366 457 3464 λζιλ.
479 3368 535 3448 IV,
560 3373 630 3448 547,
655 3373 673 3433 2
698 3367 754 3437 τὰς
775 3364 926 3449 διανομὰς
947 3359 1001 3428 ἐπ’
1025 3362 1111 3452 ἴσης
1136 3363 1221 3427 οἵτε
1243 3359 1359 3449 ἔφηβοι
1381 3363 1430 3424 καὶ

193 3480 221 3542 οἱ
256 3480 325 3565 περὶ
362 3480 397 3544 τὸ
427 3477 600 3563 laurensem
633 3479 791 3562 accepisse
820 3478 976 3544 dicuntur.
1032 3476 1145 3558 Itaque
1178 3491 1240 3541 non
1277 3477 1427 3540 constans

193 3590 365 3672 eadamque
387 3609 510 3674 semper
532 3591 743 3658 distribuendi
764 3589 846 3656 ratio
868 3587 936 3656 luit.
958 3623 1001 3636 —

284 3701 335 3768 Va.
359 3703 415 3768 40.
449 3709 479 3776 lt
511 3700 668 3786 signifieat
689 3701 862 3768 denarium.
907 3699 1136 3780 Imperatorum
1158 3699 1262 3764 aetate
1293 3695 1325 3761 in
1348 3695 1430 3760 Atti·

193 3817 238 3885 cis
267 3815 369 3883 titulis
397 3816 498 3883 omnis
526 3815 708 3899 conputatio
737 3813 774 3880 fit
803 3812 939 3880 denariis
968 3809 1031 3890 (Ol.
1062 3808 1175 3876 Franz.
1205 3806 1294 3875 clem.
1327 3806 1428 3889 epigr.

193 3945 265 4012 pag.
289 3922 378 4013 351).

285 4037 336 4103 Va.
359 4041 412 4104 lo.
448 4037 529 4106 cum
543 4037 667 4106 dicatur
684 4035 719 4100 ἐκ
740 4039 802 4100 τῶν
825 4036 984 4121 περισσῶν
1007 4032 1068 4098 κτλ.
1092 4036 1125 4099 et
1148 4029 1212 4096 Φιλ.
1235 4030 1290 4112 lv,
1314 4032 1388 4106 272,
1408 4033 1427 4094 3

262 4258 272 4290 ¹
289 4255 447 4324 Praepositio
465 4252 519 4305 δια
536 4253 563 4304 in
579 4269 643 4307 voce
660 4252 826 4322 διάλογος
843 4258 926 4320 potest
944 4250 1019 4303 etiam
1037 4247 1179 4318 significare
1191 4248 1352 4310 certatim,
1370 4254 1431 4300 noto

193 4360 252 4408 usu,
271 4343 303 4396 de
321 4360 372 4410 quo
398 4342 428 4395 ei.
447 4341 541 4394 Kaster
565 4340 598 4391 ad
615 4339 744 4408 Aristoph.
763 4341 849 4408 Equit·
876 4340 951 4394 1400.
978 4335 1041 4388 Bast
1057 4335 1105 4404 Ep.
1128 4335 1203 4388 critic.
1227 4336 1286 4391 215.
1321 4333 1433 4387 Dindorf

192 4430 227 4482 ad
243 4428 371 4496 aristoph.
389 4443 414 4494 p.
434 4427 494 4480 VIII
512 4444 570 4496 pag.
588 4425 648 4482 572.
668 4457 700 4468 -
718 4426 807 4478 simile
828 4424 890 4492 quid
913 4424 991 4476 habes
1015 4424 1042 4473 in
1063 4439 1124 4475 vooa
1142 4419 1315 4475 διαδικασία.
1352 4419 1426 4484 Quod

193 4515 300 4571 sirecte
317 4513 459 4579 statuimus,
476 4512 569 4583 ephebi
586 4511 632 4566 illa
649 4511 784 4566 occasione
802 4507 1002 4565 damonetrativis
1014 4508 1170 4564 orationibus
1182 4508 1248 4561 inter
1259 4522 1287 4560 aa
1299 4513 1430 4560 certare

191 4601 314 4662 solebant.
