3418 5340
807 365 1086 494 ..ΜΣ-

301 601 472 687 particulas
505 619 574 670 esse
607 601 700 668 unius
734 601 819 667 tituli
851 601 901 666 151
940 601 1041 668 dicam
1074 599 1205 684 lapidis3
1245 601 1306 668 nisi
1345 601 1426 668 sorte
1464 601 1527 667 tria

302 715 427 781 diversa
459 713 598 780 eiusdem
630 713 840 794 inscriptionis
874 713 1062 794 exemplaria
1095 730 1164 780 esse
1197 711 1320 796 sculpta
1354 732 1526 779 censemus.

299 825 372 892 Duo
394 829 500 890 aulem
523 825 712 908 exemplaria
734 823 875 891 conlecta
897 842 966 890 5555
988 844 1049 890 non
1071 824 1185 888 mirum
1201 829 1258 890 est.
1296 823 1375 890 Nam
1398 824 1460 888 duo
1482 824 1528 889 di-

301 955 394 1004 versa
426 935 644 1018 ephebicorum
674 937 888 1018 catalogorum
918 953 1035 1017 genera
1067 939 1208 1001 statuere
1236 934 1323 1016 licet,
1355 935 1528 1017 posteriore

302 1048 428 1131 quidem
457 1047 509 1114 551.
533 1045 599 1126 fere
628 1047 701 1112 inde
731 1047 770 1112 ab
793 1046 964 1112 Abascanti
994 1046 1197 1128 paedotribae
1225 1050 1338 1112 aetate.
1385 1046 1528 1111 Alterum

302 1164 351 1225 est
372 1177 479 1225 eorum
501 1159 555 1239 qui
578 1158 710 1242 publice,
733 1158 752 1224 i.
776 1177 802 1224 e.
826 1163 983 1224 cosmetae
1005 1157 1110 1237 iussu,
1134 1156 1351 1223 scribebantur
1372 1156 1527 1237 catalogo·

302 1289 380 1336 rum.
426 1270 469 1336 Hi
490 1288 566 1352 prae
589 1269 726 1336 5515115
749 1269 851 1336 solent
874 1267 1037 1336 formulam
1070 1269 1186 1334 hancce
1215 1267 1280 1334 iere
1309 1267 1357 1333 vel
1380 1267 1527 1332 similem:

302 1381 319 1441 ὁ
343 1381 498 1468 κοσμήτής
520 1385 581 1444 τῶν
611 1379 744 1468 ἐφήβων
774 1381 791 1442 ὁ
818 1379 904 1444 δεῖνα
934 1378 1113 1464 ἀνέγραφεν
1142 1379 1214 1449 τούς
1244 1380 1292 1462 [τε
1315 1380 1528 1467 συνάρχοντας

302 1491 349 1554 καὶ
371 1491 443 1560 τοὺς
465 1486 515 1553 ὑπ’
539 1489 639 1576 αὐτῷ]
661 1490 901 1578 ἐφήβεύσαντας
926 1489 974 1554 ἐπὶ
1005 1493 1057 1554 τοῦ
1087 1489 1190 1560 δεῖνος
1216 1489 1382 1578 ἄρχοντος
1411 1490 1526 1570 quibus

302 1601 567 1683 praescriptorum
593 1603 784 1668 1511115555
814 1619 984 1682 numquam
1015 1602 1109 1668 etiam
1131 1602 1387 1684 hypocosmetae,
1414 1601 1529 1682 paedo-

301 1713 411 1792 tribae,
434 1713 563 1788 scribae,
581 1711 713 1777 aliorum
728 1713 880 1795 gymnasii
896 1713 1138 1794 magistratuum
1154 1712 1280 1792 nomina
1296 1711 1526 1778 adscribuntur.

302 1823 392 1888 Tales
415 1823 549 1904 catalogi
577 1829 651 1888 sunt
673 1822 706 1890 Ο.
731 1825 756 1890 Ι.
781 1829 851 1888 276.
876 1829 934 1889 281
967 1821 1018 1910 (51.
1043 1824 1105 1888 tab.
1129 1819 1176 1907 1);
1209 1821 1361 1909 Φιλίστωρ
1384 1824 1425 1903 ΙΙ,
1450 1827 1527 1898 268;
1631 1861 1632 1864 =

302 1934 355 2014 11,
379 1939 450 2014 515,
474 1939 508 2017 5,
536 1935 1093 2019 5155155,1,554,4;111,555,
1117 1939 1151 2014 5;
1175 1935 1228 2014 lv,
1254 1939 1303 2014 15,
1328 1939 1363 2010 2;
1386 1935 1440 2014 lv,
1458 1939 1528 2014 155,

303 2048 336 2123 a;
360 2045 413 2121 rr,
438 2050 506 2124 ica,
530 2051 563 2124 3;
586 2047 639 2125 lv,
665 2051 791 2126 555,1;
819 2046 876 2127 lv,
900 2053 970 2126 544,
995 2052 1030 2126 a;
1058 2046 1251 2132 1153445,
1275 2050 1328 2128 IV,
1345 2051 1415 2129 544,
1432 2055 1460 2116 4.
1492 2048 1527 2113 0.

302 2156 326 2218 I.
347 2159 418 2221 274.
438 2151 503 2241 Ἐφ.
521 2155 592 2244 app.
614 2162 672 2223 199
697 2157 910 2235 (01151111).
947 2157 989 2223 Hi
1011 2159 1144 2242 publice,
1167 2167 1204 2224 ut
1220 2160 1292 2237 dini,
1315 2167 1389 2226 sunt
1410 2161 1530 2226 exarati

303 2271 458 2332 cosmetae
490 2269 578 2332 iussu
607 2273 639 2332 et
661 2249 855 2349 sumptibus
891 2269 1006 2334 Utrum
1029 2274 1135 2336 autem
1153 2269 1324 2341 ¹conficeret
1353 2271 1529 2354 catalogum

303 2394 400 2442 necne
424 2397 460 2442 en
476 2377 606 2443 arbitrio
624 2384 780 2444 cosmetae
795 2399 856 2444 non
872 2383 989 2462 aptum,
1013 2382 1106 2446 immo
1122 2381 1191 2463 lege
1208 2382 1343 2462 quadam
1359 2383 1387 2446 ei
1402 2383 1527 2447 manda·

304 2492 372 2574 tum
395 2486 491 2552 luisse
513 2487 647 2554 videtur.
694 2489 783 2566 Quod
807 2491 917 2574 colligo
941 2510 978 2556 ax
1003 2489 1065 2557 dcl.
1090 2494 1144 2574 lV,
1168 2497 1284 2574 332,1,
1308 2493 1361 2558 ubi
1384 2497 1527 2558 151-9

301 2597 379 2662 hacc
395 2597 557 2678 leguntur:
582 2598 781 2686 occuparentur
793 2596 988 2689 Ἐπίκτητος)
1012 2602 1200 2691 Εὐπυρίδής,
1216 2603 1371 2692 τειρήθεὶς
1393 2604 1451 2668 ὑπὸ
1475 2607 1528 2666 τοῦ

304 2705 405 2791 δήμου
422 2707 469 2770 ἐπὶ
485 2713 532 2793 τῷ
555 2708 659 2778 καλῶς
680 2711 728 2772 καὶ
751 2710 886 2794 κοσμίως
909 2711 1002 2776 αὐτόν
1019 2735 1052 2776 τε
1073 2713 1163 2796 βιοῦν
1187 2717 1234 2778 καὶ
1258 2717 1411 2801 προεστὸς
1436 2714 1526 2802 (sici)

303 2818 351 2879 aori
374 2822 429 2906 τῆς
451 2818 655 2909 ἀναστροφῆς
677 2826 738 2884 τῶν
762 2820 894 2912 ἐφήβων
918 2823 1136 2911 κοσμιότητος·
1160 2827 1297 2913 εἰληφὼς
1319 2826 1356 2888 δὲ
1374 2826 1459 2912 παρὰ
1475 2829 1528 2888 τοῦ

303 2927 403 3016 δήμου
433 2931 481 2993 καὶ
508 2930 641 3019 cair-parv
664 2931 696 2995 ἐν
721 2933 894 3019 πρυτανείῳ
917 2933 968 2996 διὰ
985 2933 1074 3016 βίου,
1109 2935 1266 3007 τούςδε1
1297 2937 1528 3024 παρέδωκεν

304 3037 483 3127 ἐφήβους
504 3042 562 3112 εἰς
584 3043 623 3105 τὸ
643 3047 780 3130 ρήτρῶ
790 3066 832 3106 ον
856 3045 927 3109 κτλ.
975 3044 1122 3113 Oosmeta
1152 3067 1226 3130 ergo
1256 3049 1370 3116 dicitur
1396 3049 1529 3132 ephebo-

302 3168 373 3215 rum
395 3150 571 3232 catalogum
593 3152 624 3216 in
645 3158 800 3218 metroum
823 3155 1005 3233 tradidisse,
1032 3158 1075 3223 ibi
1098 3159 1151 3224 551.
1176 3159 1399 3226 collocandum.
1446 3161 1528 3239 Quid

303 3265 408 3324 autem
429 3259 564 3326 utillud
589 3261 706 3329 faceret
735 3271 890 3331 cosmetae
917 3269 1085 3350 intererat,
1115 3269 1176 3334 nisi
1203 3270 1272 3354 lege
1299 3273 1529 3353 praescriptum

303 3369 399 3436 151555
429 3374 633 3438 censeamus?
669 3375 760 3440 Unde
786 3377 890 3442 nescio
913 3395 954 3442 an
977 3378 1183 3461 colligendum
1208 3382 1250 3446 sit
1274 3384 1441 3463 quotannis
1463 3402 1527 3449 cos-

303 3486 419 3547 metam
442 3501 505 3564 eoa,
528 3485 582 3564 qui
604 3485 662 3551 sub
684 3486 752 3569 ipso
774 3486 891 3553 luerint
913 3490 1034 3571 ephebi,
1047 3491 1155 3573 lapidi
1176 3493 1343 3576 inscriptos
1359 3495 1390 3558 in
1408 3499 1528 3560 metroo

304 3593 498 3660 collocandos
510 3595 663 3662 curasse.²
695 3597 785 3676 Quod
801 3617 837 3665 ea
848 3619 883 3665 re
894 3599 1029 3667 fortasse
1045 3603 1255 3684 conprobatur
1271 3605 1355 3686 quod
1369 3605 1462 3670 huius
1477 3624 1528 3688 ge·

377 3809 385 3840 ¹
405 3809 565 3862 Cumanndes
584 3810 685 3876 quidem
704 3811 790 3862 scribit
807 3810 888 3871 τοὺς
905 3811 941 3864 δὲ
960 3811 1112 3882 ἐφήβους
1129 3813 1270 3884 παρέδωκε
1283 3816 1330 3868 κτλ
1336 3837 1344 3880 ;
1363 3820 1408 3872 aed
1419 3837 1528 3887 pronun-

303 3893 415 3944 tiandum
433 3904 494 3962 puto
512 3893 636 3952 τούςδε
655 3893 737 3964 ἐφήβ.
749 3897 846 3965 παρέδ.
876 3899 958 3950 Aliter
976 3901 1042 3951 enim
1060 3909 1126 3952 recta
1139 3904 1259 3954 enuntiati
1271 3907 1434 3972 grammatica
1447 3914 1527 3958 111115-

303 3987 358 4030 tura
381 3981 458 4030 oritur
475 3981 560 4041 nulla;
586 3982 712 4053 5511511115
736 3983 811 4035 haec:
835 3985 1009 4054 κοσμητεύων
1027 3981 1177 4055 Ἐπίκτητος
1202 4020 1235 4030 -
1258 3990 1398 4059 τειμηβείς
1419 3991 1475 4044 κτλ.
1495 4021 1527 4031 -

303 4061 399 4121 roderis
423 4064 580 4132 παρέδωκεν
605 4057 699 4134 ἐφήβ.τ
722 4078 833 4122 55551515
856 4071 988 4138 Epictetus
1012 4073 1079 4124 hunc
1100 4075 1254 4140 epheborum
1271 4077 1411 4145 catalogum
1428 4080 1454 4130 in
1472 4097 1526 4130 1115-

302 4157 384 4200 troum
401 4151 510 4204 tradidit.
546 4151 666 4203 Videatur
684 4156 777 4207 51111555
800 4174 857 4208 5555
875 4159 906 4209 ab
925 4159 1081 4224 quadratario
1105 4167 1162 4211 ante
1180 4158 1335 4229 ,ἐφήβους“
1353 4181 1400 4214 1511
1420 4163 1527 4228 ,1551ςῆ
1557 4207 1559 4210 .

303 4243 329 4286 at
346 4243 429 4302 potest
453 4253 513 4287 sane
534 4253 581 4288 vox
605 4235 726 4306 ἐφήβους
748 4241 915 4307 praedicativo
939 4261 1016 4295 555511
1032 4244 1156 4312 intollegi,
1175 4246 1223 4297 ita:
1245 4247 1291 4298 hos
1310 4249 1415 4300 tradidit
1432 4251 1457 4300 in
1475 4267 1527 4302 me-

303 4327 385 4370 troum
402 4323 450 4372 51111
468 4322 523 4388 ipso
541 4323 660 4388 ephebae.

369 4424 380 4453 ²
399 4423 555 4491 Quamquam
574 4427 710 4480 admodum
728 4431 817 4481 mirum
835 4448 892 4483 5555
910 4397 1019 4484 concedo
1038 4433 1107 4499 quod
1124 4433 1296 4501 lapidibus
1321 4437 1433 4506 inscripti
1451 4439 1527 4506 ephe·

300 4507 389 4561 borum
406 4510 513 4578 catalogi
531 4512 557 4562 in
576 4521 672 4566 metron
691 4518 859 4583 ponebantur.
897 4517 949 4570 Sed
970 4535 1020 4570 non
1038 4519 1118 4572 habco
1137 4535 1186 4586 quo
1204 4520 1253 4572 alio
1271 4522 1346 4575 modo
1369 4526 1445 4578 rerba
1461 4527 1527 4580 tituli

303 4588 370 4671 (dal.
390 4595 433 4658 lV,
453 4596 511 4662 332,
532 4599 555 4660 l,
574 4615 609 4651 rs.
629 4601 707 4670 1-9)
725 4603 858 4672 explicam.
