3436 5326
795 401 1030 465 -100-

303 590 472 676 sculpsisse
492 606 614 664 nomen,
636 585 695 654 hoc
710 583 827 669 omisit;
853 585 936 670 quod
951 585 984 651 in
998 583 1056 650 tali
1070 603 1105 650 re
1122 582 1304 666 saepissime
1319 583 1529 668 sculptoribus

303 720 366 768 non
387 701 490 766 minus
512 718 606 783 quam
628 697 717 766 codd.
740 697 875 762 librariis
897 695 1048 763 accidisse
1071 694 1148 762 satis
1168 701 1216 762 est
1231 699 1350 762 notum.
1388 693 1432 762 Et
1453 715 1530 763 sane

304 813 337 878 in
359 813 480 894 integro
509 810 619 893 epheb.
650 809 793 891 catalogo
824 806 895 895 (III,
925 806 1055 893 4441)
1084 806 1118 872 hi
1148 808 1210 876 duo
1239 807 1353 875 fratres
1382 809 1530 875 redeunt:

303 943 348 990 VS.
373 930 412 990 73
443 921 574 1006 (coll)
602 918 769 1009 Εὔκαρπος
792 916 982 1010 Ἀχωρίστου
1012 918 1144 1005 Herm—3
1173 941 1216 988 vs.
1234 928 1274 988 74
1293 917 1530 1012 Ἀχώριστοςὸ

303 1036 352 1098 καὶ
369 1031 578 1122 Ἀλέξανδρος
590 1033 694 1100 Παι““.
731 1033 822 1112 Quod
843 1032 887 1100 ibi
909 1036 1038 1098 vocatur
1060 1032 1141 1095 ὁκαὶ
1158 1027 1367 1120 Ἀλέξανδρος
1380 1035 1430 1101 vel
1445 1033 1530 1115 quod

302 1166 364 1212 non
386 1147 528 1212 additum
550 1150 599 1211 est
616 1141 805 1234 Ἀχωρίστου
828 1143 904 1208 nihil
927 1143 1083 1226 estquod
1112 1143 1315 1234 offendamus.
1359 1145 1419 1212 Hic
1448 1145 1532 1210 idem

303 1259 383 1324 enim
407 1257 477 1322 aliis
500 1257 533 1322 in
555 1256 656 1322 titulis
677 1256 860 1339 posterioris
882 1256 1032 1337 temporis
1054 1255 1152 1322 veluti
1178 1257 1210 1323 in
1232 1256 1355 1322 Philist.
1378 1253 1434 1332 IV,
1460 1259 1529 1336 168,

304 1372 322 1432 2
345 1387 389 1435 vs.
415 1373 453 1433 18
477 1366 555 1447 (Col.
579 1368 636 1449 ΙΙ),
663 1367 719 1434 ubi
741 1373 790 1434 est
812 1369 873 1434 ium
896 1368 1196 1451 hyposophronista,
1225 1373 1257 1435 et
1274 1368 1307 1433 in
1329 1366 1450 1433 Philist.
1473 1366 1530 1442 IV,

303 1483 364 1544 272
387 1498 432 1545 vs.
451 1483 489 1544 10
512 1478 592 1566 (001.
610 1475 650 1564 Ι),
673 1479 726 1546 ubi
748 1483 797 1545 est
811 1479 946 1567 ἡγεμών,
969 1481 1101 1545 uocatur
1119 1473 1329 1564 Ἀλέξανδρος
1338 1473 1529 1566 Ἀχωρίστου

302 1587 405 1667 llas,
433 1591 478 1656 ite
500 1595 535 1655 ut
557 1591 683 1674 plenum
713 1589 780 1656 eius
811 1608 925 1656 nomen
957 1587 1053 1656 fuerit
1076 1585 1269 1678 Ἀχώριστος
1293 1584 1530 1678 Ἀχωρὶστουό

303 1703 351 1764 καὶ
368 1696 577 1788 Ἀλέξανδρος
598 1699 782 1788 Παιωνίὸης.
827 1700 939 1781 Itaque
960 1700 1021 1765 hac
1043 1700 1075 1764 in
1104 1717 1139 1766 re
1161 1698 1318 1766 dubitatio
1347 1717 1410 1765 non
1438 1699 1531 1766 relin-

303 1813 420 1896 quitur.
475 1811 564 1879 Alter
595 1818 702 1879 autem
738 1812 792 1894 qui
825 1815 938 1878 neutro
971 1811 1004 1877 in
1037 1815 1256 1894 systremmate
1288 1809 1445 1876 invenitur
1481 1813 1532 1876 est

307 1930 390 2002 ΕΠ
404 1929 554 2003 Houor
584 1928 641 2010 (sic
674 1927 783 1995 scribit
812 1925 1042 2009 Cumanudes)‚
1076 1925 1130 2007 qui
1162 1944 1208 1991 vs.
1237 1930 1278 1991 34
1310 1925 1403 1990 stadii
1430 1925 1530 1992 victor

305 2037 514 2119 praedicatur.
555 2036 618 2104 Sed
639 2055 751 2105 nomen
767 2037 972 2121 depravatum
988 2055 1058 2103 esse
1080 2041 1177 2119 patet.
1213 2035 1323 2103 Potest
1345 2036 1475 2119 cogitari
1492 2035 1532 2100 de

306 2151 389 2229 ΕΠ
402 2155 410 2230 Ι
424 2154 452 2229 Γ
465 2154 500 2231 0
515 2152 546 2231 Ν
561 2154 647 2250 OC,
677 2171 758 2236 quae
780 2152 956 2219 emendatio
972 2150 1119 2219 facillima
1134 2157 1184 2219 est
1203 2149 1299 2219 sactu.
1337 2152 1533 2232 Quamquam

304 2284 344 2332 ne
369 2265 428 2332 hoc
450 2266 575 2346 quidem
604 2283 718 2332 nomen
745 2266 777 2330 in
799 2265 951 2330 alterutro
974 2267 1193 2346 systremmate
1222 2263 1387 2346 reperitur.
1432 2264 1532 2346 Repe-

304 2375 385 2440 ritur
406 2395 481 2442 vero
503 2375 536 2440 in
557 2375 684 2442 sinistro
706 2379 925 2459 systremmate
946 2392 990 2444 vs.
1014 2379 1054 2439 14
1075 2393 1189 2440 nomen
1207 2370 1377 2462 Ἐπιγένης
1403 2373 1452 2440 fac
1472 2373 1533 2439 hoc

304 2507 416 2554 nomen
439 2507 484 2555 vs.
506 2495 546 2554 34
568 2490 613 2554 ita
634 2491 791 2574 sculptum
807 2489 917 2559 fuisse:
940 2489 968 2561 Ε
981 2489 1023 2560 Π
1034 2488 1158 2568 ΙΓΕΝ
1173 2491 1262 2585 ΗΕ,
1292 2489 1406 2573 legisse
1426 2493 1533 2554 autem

182 2619 183 2622 ’
305 2602 519 2670 Gumanndem
542 2603 690 2684 reliquias
941 2604 1063 2682 ΕΠΙΙ
1082 2606 1105 2675 c
1123 2607 1155 2681 N
1181 2650 1188 2667 .
1221 2606 1258 2694 C;
1281 2606 1412 2688 adparet
1437 2621 1531 2686 quam

303 2716 394 2784 facile
415 2717 484 2784 fieri
506 2720 644 2801 potuerit
665 2725 702 2786 nt
937 2717 1248 2798 ΕΠΗΟΝΟΟ
1280 2737 1314 2785 se
1336 2717 1449 2810 legisse
1469 2717 1530 2783 Gu-

303 2830 454 2896 manudes
483 2835 619 2913 putaret.
664 2831 803 2912 Quodsi
828 2849 938 2899 verum
967 2835 1030 2908 est,
1059 2831 1163 2897 cuncti
1192 2830 1326 2897 victores
1358 2828 1470 2913 ephebi
1499 2827 1532 2893 in

302 2941 455 3008 alterutro
478 2949 697 3026 systremmate
718 2945 860 3012 redeunt.
1369 3030 1372 3035 Ι

387 3054 564 3120 Videndum
592 3074 675 3122 nunc
703 3057 861 3137 numqui
890 3054 1161 3139 systremmatibus
1192 3053 1393 3119 continentur
1420 3050 1532 3134 ephebi

302 3164 406 3230 cuncti
427 3182 537 3231 revera
559 3165 622 3231 sint
643 3166 789 3234 recensiti
810 3168 843 3232 in
866 3168 989 3250 integro
1012 3165 1151 3233 eiusdem
1173 3165 1247 3230 anni
1263 3164 1372 3246 epheb.
1389 3164 1531 3245 catalogo

302 3272 382 3352 (Φιλ.
405 3275 463 3356 ΙΙΙ,
487 3281 559 3357 444,
584 3278 626 3355 l).
671 3275 783 3344 Brevis
808 3282 845 3344 ut
872 3279 931 3344 sim
960 3276 1142 3361 significabo
1170 3276 1254 3344 hunc
1276 3276 1402 3343 titulum
1424 3275 1531 3340 littera

302 3384 341 3468 B,
363 3383 497 3452 alterum
519 3386 567 3453 tit.
590 3387 650 3453 litt.
674 3387 713 3454 A.

387 3497 537 3578 Primum,
562 3497 617 3580 qui
638 3498 670 3563 in
692 3498 723 3562 A
745 3503 782 3564 ut
803 3498 944 3585 Μιλήσιοι
964 3503 1168 3566 recensentur
1189 3502 1360 3582 conparent
1379 3498 1412 3564 in
1434 3495 1465 3560 Β
1486 3495 1531 3563 in·

300 3613 349 3673 ter
375 3605 596 3694 ἐπεγγράφους
616 3609 635 3674 i.
660 3627 687 3675 e.
709 3611 892 3692 peregrinos
899 3633 907 3693 ;
936 3610 1009 3676 inde
1036 3611 1170 3677 tortasse
1198 3610 1271 3676 lieet
1299 3609 1451 3693 suspicari
1480 3608 1531 3675 vel

303 3721 379 3783 tunc
400 3718 550 3798 temporis
571 3719 752 3802 peregrinos
775 3720 913 3803 ephebos
935 3719 1082 3804 privatim
1111 3722 1238 3806 quidem
1269 3722 1351 3787 inter
1375 3722 1460 3804 ipsos
1482 3740 1531 3788 ce-

299 3832 385 3894 teros
408 3828 544 3911 ephebos
565 3834 693 3896 uocatos
716 3849 786 3898 esse
808 3831 964 3913 Milesios;
987 3831 1110 3913 publice
1133 3833 1221 3926 enim:
1238 3833 1348 3915 positis
1369 3833 1402 3897 in
1428 3831 1527 3898 titulis

299 3943 375 4007 tunc
397 3958 520 4023 semper
535 3941 683 4008 dicuntur
705 3939 914 4030 iaeyppapoq
937 3962 1126 4027 quamquam
1140 3945 1243 4028 priore
1258 3948 1372 4025 aetate,
1394 3943 1460 4010 lere
1478 3962 1529 4010 us·

299 4067 361 4133 que
382 4049 423 4115 ad
445 4052 675 4119 Antoninorum
697 4058 855 4138 tempora,
885 4055 917 4120 in
946 4055 1078 4137 publicis
1100 4074 1225 4140 quoque
1246 4056 1347 4123 titulis
1369 4056 1527 4140 appellan—

298 4165 352 4226 tur·
372 4155 528 4250 Μιλήσιοι.
566 4162 660 4242 Certe
681 4165 754 4232 inde
776 4167 816 4232 ab
834 4166 1003 4232 Abascanti
1023 4166 1227 4249 paedotribae
1249 4172 1354 4234 aetate
1377 4165 1440 4252 (cf.
1455 4185 1525 4250 pag.

301 4277 339 4337 16
363 4274 444 4356 sqq.)
466 4275 587 4342 nullum
608 4277 713 4345 inveni
735 4277 929 4361 catalogum,
959 4279 994 4344 in
1016 4295 1079 4360 quo
1101 4277 1259 4362 peregrini
1280 4277 1452 4365 etiamtunc
1473 4297 1527 4346 uo-

299 4389 410 4451 cantur
431 4386 579 4475 Μιλῆσιοι.
1481 4467 1484 4472 .

382 4497 450 4563 Iam
472 4497 609 4581 quaein
630 4503 765 4584 unoque
786 4499 880 4569 titulo
902 4499 1025 4584 integra
1046 4501 1173 4570 nonina
1193 4503 1328 4570 redeunt
1350 4521 1388 4570 ea
1403 4500 1528 4570 adferre

297 4607 457 4696 omittam
480 4607 621 4680 adieram
643 4629 681 4678 ea
701 4613 734 4680 in
757 4613 870 4700 quibus
895 4613 1050 4700 estquod
1073 4611 1219 4684 offendat.
