3418 5340
655 419 869 480 „77-

146 591 193 655 Et
220 595 306 657 recte
328 588 529 656 Cumanudes
554 590 646 669 putat
667 587 739 652 huic
762 586 936 652 custodiam
956 586 1212 653 vestimentorum
1227 588 1267 655 ab
1282 588 1374 672 ephe·

148 702 202 768 bis
217 701 429 784 depositorum
441 698 619 765 mandatam
634 697 740 774 inisse,
754 717 855 780 neque
871 703 919 763 cst
933 698 1016 778 qnod
1030 698 1288 782 Dittenbcrgcrus
1303 700 1339 787 (l.
1354 700 1374 766 l.

147 831 222 895 pag.
240 810 295 898 37)
312 812 476 893 inpugnat.
501 811 581 876 Item
597 809 810 894 xapopurcest
821 807 953 875 latinum
964 809 1148 876 vocabulum
1166 812 1376 895 »capsanus«,

147 924 233 1007 quod
256 924 339 1006 apud
354 923 510 988 Romanos
533 921 701 1003 scriptores
723 920 839 1002 passim
861 920 1008 986 occurrit.
1048 921 1141 1004 Apud
1157 920 1283 988 Sueten.
1299 923 1374 989 Ner.

149 1041 190 1101 36
212 1036 240 1100 is
255 1053 364 1101 servus
378 1034 437 1101 hoc
455 1032 604 1100 vocabulo
620 1029 824 1115 significatur,
847 1032 901 1114 qni
917 1051 1043 1114 capsam
1064 1035 1191 1114 gestans
1213 1051 1327 1116 pueros
1342 1034 1375 1099 in

147 1147 287 1213 scholam
302 1145 445 1214 ducebat.
476 1143 539 1210 Sed
554 1143 623 1226 Dig.
643 1149 669 1220 1,
689 1147 736 1224 15,
753 1148 779 1210 3.
803 1143 832 1226 ᾗ.
850 1148 878 1207 5.
902 1144 1006 1210 Edict.
1022 1143 1136 1210 Domit.
1160 1161 1191 1224 p.
1208 1145 1375 1211 2211110-

147 1265 239 1327 catur
267 1259 294 1324 is
322 1259 376 1342 qui
402 1255 589 1322 vestimenta
617 1255 649 1320 in
678 1255 798 1322 balneis
826 1257 1018 1322 versantium
1049 1256 1254 1323 custodiebat.
1299 1257 1376 1322 lndc

148 1370 342 1436 Cumanudis
382 1368 539 1435 scatentia
572 1368 799 1450 conprobatur,
840 1385 942 1448 neque
983 1369 1122 1452 cogitare
1162 1369 1234 1436 licet
1266 1369 1305 1436 de
1339 1388 1376 1435 eo

147 1482 203 1562 qni
225 1482 327 1548 oleum
355 1482 387 1546 in
416 1480 605 1547 elaeothesio
634 1479 788 1563 gymnasii
817 1480 976 1546 conditum
1007 1479 1210 1546 custodiverit
1231 1485 1263 1546 et
1285 1480 1376 1564 ephe·

146 1596 195 1661 bis
219 1594 433 1674 distribuerit,
463 1593 546 1674 qnod
568 1591 668 1658 voluit
689 1592 949 1674 Dittenbergerus
976 1592 995 1658 l.
1019 1592 1038 1657 l.
1071 1609 1142 1676 pag.
1167 1596 1216 1658 37.
1242 1625 1284 1639 -
1303 1591 1375 1656 Δεν-

147 1709 268 1792 τιάριος
295 1706 345 1772 vel
376 1707 534 1792 καῴάριος
562 1706 699 1772 occurrit
721 1706 816 1771 etiam
842 1705 874 1771 in
905 1703 968 1771 del.
994 1705 1021 1786 I,
1044 1710 1124 1787 5233
1147 1703 1376 1787 111,35631V,

148 1824 221 1900 344,
244 1823 279 1901 43
304 1818 346 1898 11,
375 1822 447 1882 428.
472 1853 512 1864 -

234 1930 351 1996 Restat
381 1930 515 2013 denique
543 1934 579 1995 ut
607 1929 646 1996 de
674 1947 756 1996 anno
785 1929 995 2011 inscriptionis
1024 1930 1192 1996 videamus
1242 1929 1379 1996 Helvidii

148 2042 287 2108 Secundi
317 2042 475 2108 archontis
503 2060 604 2106 annus
632 2041 758 2107 aliunde
788 2060 851 2108 non
883 2046 1013 2108 constat.
1061 2040 1225 2108 Semitelos
1252 2041 1304 2123 (ad
1327 2040 1376 2106 tit.

142 2151 220 2239 Ἕφ.
244 2153 314 2242 ἀρχ.
339 2175 409 2238 περ.
432 2154 468 2218 Β.
494 2154 567 2236 199)
591 2159 698 2220 censet
712 2153 930 2236 gravissimum
947 2153 1096 2236 temporis
1111 2152 1259 2220 indicium
1274 2152 1377 2218 inesse

148 2266 181 2330 in
204 2265 361 2330 mentione
383 2264 567 2330 sollennium
590 2263 880 2346 Germaniceornm,
905 2266 1102 2348 quippequae
1125 2283 1195 2332 cum
1219 2263 1377 2330 Boeckhio

148 2381 276 2442 revocet
297 2377 338 2442 ud
353 2374 560 2458 Caracallum,
584 2377 669 2458 quod
690 2376 758 2443 fieri
781 2395 843 2442 non
865 2394 957 2460 possa
973 2395 1069 2460 snpra
1083 2375 1378 2444 demonstravimus.

149 2489 197 2554 Ac
218 2507 259 2553 ne
280 2487 573 2570 Philadelpheorum
595 2487 721 2570 quidem
743 2489 901 2555 mentione
924 2487 1105 2556 caracallae
1133 2492 1270 2554 aetatem
1298 2484 1380 2553 effici

150 2600 229 2664 item
252 2616 348 2681 supra
371 2599 543 2665 docuimus.
580 2599 650 2665 Alio
672 2598 803 2682 proinde
824 2599 916 2666 modo
939 2608 1063 2681 tempus
1086 2603 1137 2666 est
1159 2597 1378 2667 definiendum.

152 2711 375 2778 Paedotribam
397 2712 479 2778 enim
502 2712 733 2792 Nicostratum,
763 2731 834 2778 cum
856 2717 950 2778 untca
971 2711 1083 2778 inisset
1104 2711 1382 2794 hypopaedotriba,

151 2849 181 2896 a.
211 2799 316 2937 g-gp.
340 2830 413 2897 Chr.
435 2831 468 2897 in
489 2831 626 2915 Epicteti
648 2831 851 2916 paedotribae
879 2833 981 2898 locum
1004 2833 1192 2898 successisse
1218 2830 1380 2913 probabile

153 2951 284 3016 reddam
314 2952 346 3016 in
375 2950 450 3033 Cap.
481 2953 538 3019 XV
572 2953 614 3018 ad
642 2953 690 3018 tit.
721 2951 785 3018 dcl.
814 2952 868 3034 IV,
893 2956 963 3034 272,
987 2955 1023 3036 33
1050 2952 1157 3032 itaque
1183 2955 1255 3033 post
1280 2916 1382 3057 ag}

153 3071 315 3153 conposita
346 3075 394 3136 est
419 3076 528 3136 nostra
550 3071 720 3154 inscriptio.
765 3070 845 3137 Cum
867 3091 941 3165 vero
963 3072 995 3137 in
1017 3072 1070 3137 illo
1092 3088 1185 3152 quem
1205 3070 1298 3136 modo
1320 3089 1382 3136 me·

156 3182 278 3248 moravi
293 3181 469 3248 Philistoris
485 3181 577 3248 titulo
594 3183 688 3248 etiam
703 3183 785 3249 idem
809 3181 1011 3269 γραμματεύς
1030 3183 1174 3264 idemque
1189 3182 1384 3263 διδάσκαλος,

154 3297 209 3380 qni
223 3296 256 3360 in
278 3300 387 3361 nostra
408 3297 625 3379 inscriptione,
647 3302 851 3380 conpareant,
874 3297 1009 3382 denique
1032 3315 1104 3362 cum
1126 3296 1209 3362 inter
1233 3292 1384 3360 sollennia

153 3411 262 3473 nostro
290 3405 321 3472 in
349 3408 395 3473 tit.
419 3408 575 3474 recensita
606 3409 745 3474 nondum
765 3407 942 3497 Σεβὴρεια,
969 3427 1050 3492 qnae
1073 3407 1181 3474 Severi
1208 3409 1313 3472 aetate
1335 3423 1385 3471 ex-

154 3521 353 3598 spectentur,
381 3523 669 3599 conmemorentur,
697 3539 759 3586 non
787 3539 898 3586 vereor
924 3538 963 3586 nc
989 3518 1081 3583 nimis
1103 3519 1207 3583 audax
1228 3517 1336 3582 videar
1358 3516 1385 3581 si

156 3634 296 3694 nostram
320 3629 552 3711 inscriptionem
575 3629 715 3713 proximo
738 3648 818 3696 anno
844 3634 917 3712 post
938 3627 1115 3694 Philistoris
1143 3628 1230 3692 illum
1258 3626 1385 3694 titulum

155 3753 317 3814 exaratam
339 3767 408 3814 esse
430 3768 588 3824 censeam,
619 3749 673 3816 scl.
697 3769 724 3814 a.
748 3718 801 3857 ἐξ
822 3769 851 3832 p.
869 3748 952 3830 Chr,
974 3749 1075 3832 primo
1093 3746 1201 3813 Severi
1216 3765 1312 3822 anno;
1334 3747 1386 3814 cui

155 3868 228 3933 ideo
257 3836 390 3936 fortasse
418 3888 455 3936 eo
477 3887 559 3936 anno
589 3869 728 3935 nondum
752 3869 886 3936 Severea
914 3869 954 3936 ab
983 3867 1110 3952 ephebis
1132 3871 1206 3934 sunt
1228 3866 1387 3933 celebrata

156 3979 232 4059 quia
253 3977 306 4045 illo
328 3997 409 4044 anno
432 3980 576 4062 Severus,
599 4000 671 4047 cum
693 3979 726 4048 C.
748 3979 939 4047 Pescennius
957 3980 1054 4063 Niger
1076 3979 1197 4061 etipse
1218 3979 1398 4060 imperator.

157 4091 336 4158 declaratus
358 4097 451 4172 esset,
473 4091 611 4158 nondum
634 4096 738 4157 tutum
760 4091 926 4158 obtinebat
948 4091 1122 4174 imperium.

625 4383 925 4391 w
