3436 5326
666 415 878 478 ..93-

240 601 446 683 Explementa
459 620 522 668 non
537 601 633 668 dubia
647 606 722 667 sunt
740 601 772 668 in
792 619 838 668 us.
857 605 947 668 1-5.
963 637 1006 650 -
1028 601 1084 668 Vs.
1101 605 1129 668 6.
1167 603 1277 670 Potest
1291 603 1385 670 etiam

152 711 252 779 fuisse
279 711 330 776 διὰ
358 717 430 801 effic
459 711 582 783 εὐνοίας
610 715 657 777 καὶ
685 713 897 800 φιλοτειμίας],
920 715 970 781 vel
999 714 1123 781 similia.
1151 751 1194 763 -
1225 715 1277 781 VS.
1302 721 1330 782 7.
1355 721 1385 782 8.

154 823 356 890 Cumanudes
390 823 493 906 explet
528 825 737 914 [ppdrppem
772 831 806 893 at
836 846 906 892 eum
937 827 1068 893 verbum
1091 825 1292 916 χρηματίζειν
1326 827 1387 893 eol·

153 935 247 1002 lenne
269 936 365 1001 sitin
387 955 425 1002 ea
446 955 490 1012 re,
513 935 572 1002 hoe
594 937 809 1019 praetulimus
844 937 899 1006 Vs.
923 945 953 1006 8.
977 945 994 1004 9
1018 942 1103 1006 reete
1125 939 1229 1004 omnia
1250 939 1314 1004 sint
1336 957 1387 1004 ex·

153 1047 241 1129 pleta
274 1065 371 1113 necne
397 1047 528 1113 dubium
557 1065 626 1114 esso
653 1051 800 1116 concedo.
845 1051 900 1117 Vs.
924 1056 943 1116 9
975 1055 1047 1132 post
1072 1045 1228 1114 Ἐλευσῖνα
1256 1050 1387 1132 praebet

155 1157 356 1224 Cumanudes
378 1181 435 1245 ησ,
466 1159 550 1241 quod
582 1161 724 1242 conplevi
753 1161 784 1226 in
807 1162 826 1249 ἡ
851 1161 977 1250 σ[τολῆ;
1002 1160 1136 1226 fortasse
1158 1165 1263 1226 autem
1288 1161 1321 1226 in
1343 1161 1388 1226 la·

154 1277 228 1359 pide
252 1283 396 1360 superest
412 1280 503 1355 ll-l[,
525 1277 557 1344 id
580 1283 628 1344 est
646 1278 727 1354 ΗΙΕ
740 1291 754 1349 3'
771 1272 878 1353 itaque
893 1272 998 1339 neseio
1014 1291 1054 1337 an
1070 1271 1277 1355 supplendum
1299 1272 1341 1337 sit
1366 1273 1385 1359 ἣ

155 1388 256 1473 ἑε[ρὰ]
287 1391 391 1476 πομπὴ
423 1389 581 1472 πέμπεται.
606 1423 645 1434 -
671 1388 724 1454 Vs.
751 1391 798 1451 10.
844 1385 961 1452 Notum
992 1389 1041 1450 est
1063 1383 1199 1466 ephebos
1226 1388 1319 1450 antea
1340 1383 1384 1448 ni·

156 1500 222 1580 gris
245 1499 347 1580 palliis
371 1499 500 1566 amictos
523 1500 555 1564 in
570 1499 691 1582 pompis
707 1497 898 1564 sollemnibus
920 1494 1064 1583 incedere
1087 1494 1195 1560 solitos
1218 1513 1303 1578 esse3
1325 1494 1388 1574 pri·

156 1629 243 1674 mum
266 1615 371 1676 autem
393 1611 551 1676 Herodem
575 1610 714 1676 Atticum
737 1609 911 1674 instituisse
928 1614 963 1672 ut
981 1607 1141 1690 nigrarum
1164 1606 1297 1672 vestium
1319 1605 1386 1671 loco

157 1719 246 1786 albas
269 1727 429 1787 sumerent
450 1727 587 1788 testatur
609 1721 754 1787 Philostr.
778 1720 832 1785 vit.
856 1719 944 1802 soph.
967 1719 1010 1792 ΙΙ,
1029 1725 1055 1794 l,
1074 1722 1101 1800 5,
1124 1717 1208 1801 quod
1230 1736 1313 1782 nune
1329 1716 1388 1782 hoo

157 1831 250 1900 titulo
278 1833 502 1914 conprobatum
530 1836 587 1899 est.
610 1831 765 1910 —Quod
788 1829 828 1895 ad
850 1831 919 1910 ipsa
942 1829 1104 1895 Eleusinia
1126 1835 1295 1912 partesque
1317 1827 1388 1892 atti-

157 1947 227 2022 net,
256 1960 338 2022 quae
366 1944 398 2008 iu
420 1943 469 2008 his
492 1944 685 2010 celebrandis
708 1947 798 2008 erant
820 1941 1026 2024 epheborum,
1053 1959 1235 2008 revocamus
1258 1941 1298 2006 ad
1320 1941 1388 2004 Dit-

159 2055 301 2135 tenberg.
330 2054 351 2119 l.
373 2055 393 2119 l.
424 2075 494 2138 pag.
519 2060 569 2120 61.
592 2092 633 2102 —
656 2056 798 2136 Denique
820 2055 860 2120 de
884 2053 969 2120 Sexti
992 2051 1150 2119 archontis
1174 2072 1254 2118 anno
1277 2051 1315 2117 of.
1338 2070 1388 2117 su·

158 2184 217 2246 pra
240 2183 310 2248 pag.
335 2170 375 2230 24
399 2167 453 2244 (ad
476 2185 504 2231 a.
530 2171 623 2245 loo).

246 2278 445 2343 Revertimur
467 2278 529 2344 iam
551 2279 592 2344 ad
613 2278 802 2344 Rossiannm
824 2275 960 2343 titulum.

253 2387 304 2454 Vs.
332 2392 362 2454 6.
394 2393 421 2454 7.
467 2391 597 2456 Rossius
626 2389 765 2472 supplet:
791 2388 1094 2477 [yovauoeapprjoac
1122 2391 1212 2469 [τ]ῶν
1231 2383 1388 2476 Ἀνθεστη-

156 2499 246 2586 plor.
291 2500 362 2566 Non
384 2505 477 2566 reete⁴
528 2501 651 2566 Titulus
682 2505 731 2566 est
764 2501 930 2580 ephebious
960 2518 1090 2582 eamque
1119 2500 1159 2565 ob
1187 2517 1313 2566 oausam
1335 2519 1390 2582 gy·

159 2612 376 2678 muasiarehus
399 2613 462 2693 ille,
485 2613 625 2690 ProoluS,
646 2613 714 2695 ipse
730 2617 778 2678 est
794 2631 831 2677 ex
847 2612 974 2692 ephebis
998 2611 1057 2690 (Ol.
1071 2631 1142 2695 pag.
1162 2615 1201 2676 35
1217 2616 1298 2695 sqq).
1331 2611 1390 2677 His

160 2743 237 2790 vero
259 2724 519 2806 gymnasiarohiS,
549 2726 576 2790 si
598 2723 777 2791 adcuratius
801 2722 962 2799 definitur,
992 2722 1065 2788 addi
1087 2723 1167 2788 solet
1188 2742 1301 2789 nomen
1323 2723 1390 2789 eius

159 2835 277 2900 mensis
300 2855 361 2918 quo
377 2835 657 2919 gymnasiarohiam
676 2838 708 2902 in
723 2837 883 2920 gymnasio
898 2835 1124 2918 praestiterint,
1148 2836 1205 2900 sed
1220 2855 1390 2920 numquam

159 2945 233 3012 festi
254 2967 383 3034 nomen3
414 2949 497 3031 quod
526 2949 668 3029 plurimis
697 2949 797 3014 titulis
822 2948 978 3013 doeemur.
1023 2947 1191 3012 Praeterea
1213 2947 1252 3012 de
1275 2945 1389 3012 Anthe-

161 3059 329 3124 steriorum
351 3060 495 3142 lampade
518 3059 594 3125 nihil
617 3065 751 3126 constat.
797 3059 879 3138 Quid
901 3059 1021 3124 multa?
1050 3058 1117 3141 ipse
1139 3059 1269 3124 Rossius
1296 3057 1390 3124 hodio
1461 3085 1463 3090 ·

161 3169 302 3252 quidem,
328 3173 377 3234 tot
398 3171 531 3236 inventis
554 3171 711 3252 epheblois
734 3169 851 3250 titulis,
881 3189 943 3235 non
971 3169 1131 3236 dubitaret
1161 3169 1389 3248 scribaeque

157 3276 436 3368 'Audeorppubqa
458 3282 491 3346 id
513 3282 598 3364 quod
624 3281 687 3348 iam
709 3281 970 3364 Dittenbergerus
1000 3281 1032 3364 (l.
1056 3280 1076 3346 l.
1104 3299 1175 3363 pag.
1198 3286 1236 3346 41
1266 3285 1330 3347 not.
1355 3285 1389 3355 3)

161 3396 247 3458 recte
270 3393 448 3474 suspicatus
471 3397 548 3460 erat.
573 3427 613 3439 -

163 3581 210 3632 ool.
230 3583 256 3632 ll
273 3600 310 3633 vs.
329 3584 362 3637 10
378 3582 483 3632 babetur
502 3576 636 3646 Σαβεῒνος
649 3577 867 3651 Ἑρμέρωτος
884 3578 1116 3652 Γαργήττιος,
1140 3589 1165 3634 et
1183 3599 1221 3636 vs.
1242 3583 1273 3638 17
1289 3578 1389 3650 Ἆθηνό·

164 3666 254 3736 drapo<
267 3661 478 3736 Ἑρμέρωτος
496 3664 717 3738 Γαργήττιος.
