3418 5340
683 437 731 452 ....
768 401 821 470 29
852 437 895 452 .-

177 587 320 674 quisque,
342 590 397 675 qui
412 589 520 659 titulos
536 589 603 658 eius
625 589 748 674 generis
771 587 950 659 sarmatius
971 590 1150 675 inspexerit,
1172 590 1272 676 primo
1287 589 1401 658 obtutu
1476 598 1482 607 '

178 703 346 787 cognoscit.
390 699 559 785 Nunquam
581 703 664 770 euim
686 703 745 770 soli
767 703 959 787 epheborum
988 702 1193 788 magistratus
1219 707 1402 788 praecepto-

177 834 266 883 resve
289 819 322 883 et
343 813 495 882 sollennia
517 817 557 884 ab
573 815 703 903 ephebis
725 815 884 884 celebrata
902 821 1113 898 recensentur,
1138 817 1193 884 sed
1216 833 1339 900 semper
1352 815 1402 880 his

177 927 306 1011 adJungi
326 927 408 995 solet
426 927 566 1011 ipsorum
589 928 780 1011 epheborum
803 925 983 1012 catalogus,
1009 927 1196 1014 plerumque
1217 948 1274 1013 per
1300 927 1402 995 tribus

177 1039 415 1124 dispositorum,
439 1041 552 1124 quibus
574 1040 651 1124 ipsis
673 1040 908 1125 subiunguntur
930 1038 1123 1128 tutyrpopoc
1151 1040 1171 1108 i.
1195 1060 1222 1108 e.
1244 1039 1403 1124 peregrini

177 1151 299 1234 ephebi.
342 1151 386 1218 Et
407 1171 481 1220 vero
503 1152 536 1218 in
557 1151 672 1236 lapide,
696 1171 768 1220 cunr
790 1157 860 1223 erat
880 1154 1011 1239 integer,
1042 1152 1178 1236 ephebos
1207 1171 1333 1238 quoque
1355 1171 1404 1219 re

177 1263 313 1331 censitos
328 1262 426 1332 hlisse
441 1263 560 1333 indicat
581 1281 627 1331 vs.
645 1269 673 1335 3.
690 1263 764 1336 τούς
785 1288 826 1332 τε
848 1265 1059 1355 συνάρχοντας
1081 1269 1138 1330 καὶ
1151 1312 1159 1329 .
1172 1315 1179 1332 .
1193 1314 1221 1332 ..
1256 1263 1403 1347 Vulgaris

176 1375 297 1444 scilicet
325 1374 457 1442 lormula
489 1376 674 1460 praescripti
708 1377 740 1444 in
772 1377 927 1445 eiusmodi
959 1378 1060 1446 titulis
1094 1381 1143 1444 est
1173 1375 1289 1444 haecce
1320 1375 1402 1444 lere:

178 1491 196 1554 o‘
226 1490 382 1578 κοσρητῇς
414 1492 476 1553 τῶν
511 1485 698 1580 ἐφήβωνὸ
730 1489 817 1554 δεῖνα
850 1488 899 1554 ἐπὶ
931 1487 1083 1579 ἄρχοντος
1110 1490 1163 1552 τοῦ
1197 1486 1300 1558 δεῖνος
1332 1486 1405 1557 τούς

176 1622 212 1664 τε
234 1601 449 1691 συνάρχοντας
471 1602 519 1666 καὶ
548 1601 621 1673 τοὺς
651 1598 702 1666 ὑπ’
731 1600 820 1688 αὐτῷ
852 1598 1094 1690 ἐφηβεάσαντας
1125 1597 1319 1686 ἀνέγραφεν,
1348 1604 1405 1666 aut

175 1711 296 1780 similis.
346 1713 459 1798 ltaque
490 1732 534 1782 us.
565 1718 583 1782 3
612 1714 739 1797 statim,
771 1713 848 1782 nihil
877 1717 1020 1797 respecto
1059 1711 1169 1796 fragm.
1200 1711 1246 1787 B,
1281 1709 1405 1794 supple·

175 1841 247 1890 mus
281 1823 354 1896 τούς
386 1847 420 1889 τε
453 1827 668 1917 συνάρχοντας
704 1828 753 1892 καὶ
794 1823 882 1908 [τοὺς
921 1820 974 1888 ὑπ’
1016 1821 1104 1910 αὐτῷ
1137 1819 1403 1912 ἐφηβεύσονςαςΙ.

176 1970 219 1982 -
262 1935 430 2005 Praeterea
457 1939 546 2005 iuxta
579 1938 635 2007 col.
659 1938 733 2006 IIa
759 1939 870 2006 dextra
893 1939 984 2020 parte
1009 1935 1186 2018 fragmenta
1210 1935 1323 2002 tertiae
1354 1955 1404 2002 co-

177 2047 305 2115 lumnae
327 2053 459 2132 restant,
492 2067 573 2134 quae
605 2048 683 2116 nihil
716 2067 786 2118 esse
817 2053 950 2133 possunt
980 2047 1041 2114 nisi
1062 2046 1213 2131 reliquiae
1243 2047 1404 2115 nominum

176 2177 348 2242 eorumque
370 2161 571 2245 epheborum.
608 2161 707 2229 Immo
728 2179 803 2231 vero
824 2179 869 2228 ue.
894 2165 946 2242 44,
968 2159 1023 2227 uhi
1044 2162 1144 2228 restat
1168 2165 1198 2238 Ε
1220 2160 1332 2228 ceteris
1354 2159 1404 2225 lit·

176 2271 254 2338 teris
285 2271 405 2340 maiore
437 2273 536 2340 ductu
569 2274 738 2357 scriptum,
770 2273 971 2359 anogrnphen
1004 2291 1112 2342 eorum
1146 2271 1315 2356 incepisse,
1350 2271 1405 2354 qui

169 2378 381 2471 Ἐπέργραφοι
402 2388 564 2468 vocantur,
586 2386 695 2452 stetim
717 2386 870 2470 suspicari
891 2385 973 2453 lieet.
1018 2384 1246 2452 Desiderantur
1275 2401 1349 2466 ergo
1371 2383 1404 2448 in

176 2494 226 2563 tit.
248 2488 278 2562 A
304 2495 417 2580 ephebi
445 2502 542 2580 atque
570 2498 620 2565 his
652 2498 810 2566 subiuncti
843 2495 1045 2586 ἐπέηραφοι.
1095 2495 1214 2576 Quodsi
1242 2493 1405 2580 inagnuB

177 2607 359 2692 inspexeris,
383 2626 459 2676 sane
487 2609 547 2677 hoc
577 2609 743 2677 exhibetur
772 2610 902 2692 simplex
932 2609 1123 2694 epheborum
1152 2607 1313 2690 catologus
1341 2625 1405 2672 una

176 2737 248 2788 cum
270 2721 489 2806 apengraphis.
534 2722 639 2806 Atque
660 2721 738 2789 haec
760 2722 959 2805 generaliter.
1005 2719 1137 2804 Singula
1165 2725 1202 2786 ut
1230 2737 1313 2787 nunc
1334 2737 1406 2800 pro-

178 2829 316 2898 feramus
331 2849 412 2914 quae
427 2831 461 2900 id
477 2832 562 2917 quod
577 2833 720 2900 volumus
737 2832 961 2916 demonstrent,
982 2833 1120 2917 primum
1141 2849 1188 2900 vs.
1205 2838 1224 2899 3
1245 2833 1277 2897 in
1292 2830 1402 2914 fragm.

176 2943 205 3009 Β
234 2963 346 3012 revera
378 2945 536 3013 invenitur
566 2941 632 3030 dJrr’
660 2944 750 3034 αὐτῷ
780 2937 1023 3034 ἐφηβεύσαντας
1052 2942 1225 3030 ἀνέγραψε,
1257 2941 1290 3007 id
1321 2942 1406 3025 quod

178 3055 298 3138 requiri
330 3074 427 3142 supra
459 3057 604 3126 diximus.
661 3057 783 3126 Deinde
815 3076 861 3124 us.
890 3061 942 3124 43.
973 3053 1053 3144 (Col.
1082 3053 1112 3133 Ι)
1145 3054 1178 3120 in
1218 3052 1328 3136 lragm.
1360 3053 1405 3118 B:

185 3171 476 3252 ΠΕΝΓΡΑΦΟΙ,
499 3169 550 3237 cui
572 3187 643 3238 cunr
665 3187 705 3237 ex
724 3168 835 3254 fragm.
858 3168 896 3234 Α.
917 3185 962 3234 vs.
988 3171 1030 3233 48
1054 3163 1134 3249 (Col.
1157 3165 1220 3249 ΙΙΙ)
1236 3162 1406 3230 addideris

182 3297 260 3365 illud
301 3304 347 3379 Ε,
389 3317 501 3367 reuera
532 3297 665 3366 efficitur
702 3299 787 3381 quod
823 3296 1063 3365 desiderabatur
1101 3293 1156 3361 sel.
1184 3290 1407 3379 ’Elutuypapou

182 3411 280 3480 Porro
314 3412 421 3478 videas
454 3430 548 3495 quarn
580 3416 650 3478 orte
682 3410 843 3478 numinum
869 3407 1021 3491 reliquiae
1049 3403 1174 3489 (fragm.
1197 3404 1235 3472 A.
1258 3401 1324 3470 (lul.
1347 3402 1408 3484 III,

182 3521 294 3608 trognn
316 3523 353 3592 Β.
377 3522 443 3592 Col.
466 3523 495 3608 Ι)
518 3522 578 3590 sibi
601 3522 790 3591 cohaereant
811 3526 844 3589 et
865 3525 988 3603 aptent:
