3418 5340
798 405 1011 470 ..30-

682 607 728 657 vs.
750 593 801 654 42.
827 583 1020 675 Ἀρτίέρλιον
1036 585 1231 677 Ἀρτέμωνος
1316 591 1320 598 ’

375 2463 488 2529 Restat
508 2465 546 2528 ut
567 2462 606 2530 de
627 2480 707 2529 vers.
730 2467 814 2529 2-4
836 2463 1077 2532 demonstretur.
1113 2465 1219 2547 Atque
1240 2483 1285 2531 vs.
1306 2469 1325 2530 2
1347 2465 1380 2532 in
1400 2465 1512 2550 fragm.

290 2592 319 2656 A
341 2594 458 2656 exstat:
487 2589 535 2656 ἐπὶ
557 2589 710 2682 ἄρχοντος
735 2591 768 2657 Γ.
802 2593 835 2672 (i.
859 2613 886 2662 e.
914 2592 946 2658 Γ
941 2593 1022 2679 orion)
1047 2589 1201 2678 ‘Endidae
1224 2601 1269 2675 ΣΙ
1285 2644 1419 2664 .......
1463 2598 1513 2664 In-

289 2725 414 2804 tagram
434 2721 528 2788 huius
550 2722 709 2790 archontis
730 2742 844 2790 noman
865 2723 1023 2807 reperitur
1044 2724 1077 2790 in
1099 2725 1148 2791 tit.
1172 2724 1266 2814 ἐφρρ.
1289 2726 1359 2816 ἀρχ.
1383 2749 1452 2812 περ.
1475 2726 1512 2790 Β.

289 2858 341 2922 αρ.
367 2841 426 2902 119
457 2837 539 2920 (tab.
561 2835 601 2926 ι’ή.
626 2838 681 2920 3),
711 2837 766 2905 ubi
792 2838 941 2922 legimus:
975 2833 1007 2899 Γ
1001 2859 1031 2902 α.
1044 2835 1200 2919 Ἕλβίὸιον
1228 2835 1404 2901 Σεκοῦνδον
1431 2835 1512 2900 Παλ-

288 2946 384 3035 ληνέα
417 2946 552 3037 ἄρχοντα
585 2947 758 3034 ἐπώνυμον.
811 2949 923 3030 Itaque
951 2966 996 3014 vs.
1020 2947 1039 3010 2
1063 2943 1187 3030 (fragm.
1211 2948 1251 3030 A)
1287 2948 1512 3031 supplendum:

289 3057 338 3122 ἐπὶ
371 3057 523 3148 ἄρχοντος
559 3057 593 3126 Γ.
617 3056 769 3144 Ἑλβιδίοο
802 3051 996 3144 deportarer
1029 3057 1241 3147 Παλληνέως].
1295 3059 1339 3126 Et
1370 3078 1445 3126 vero
1480 3059 1514 3124 in

244 3187 248 3191 ·
290 3166 401 3252 fragm.
423 3170 450 3235 B
472 3187 517 3268 ra
542 3174 560 3235 2
584 3175 743 3254 superest:
852 3173 1286 3254 ΛοΥΠΑΛΛΗΝΕΩΣ,
1319 3171 1365 3236 ita
1394 3175 1432 3236 ut
1460 3169 1513 3234 de

289 3298 407 3366 fractae
439 3299 503 3375 sint
534 3319 572 3367 ex
601 3300 705 3384 lapide
738 3299 823 3368 solae
851 3300 976 3370 litterae
1005 3305 1152 3382 ΚΟΥΝ.
1175 3339 1216 3350 -
1268 3299 1388 3366 Deinde
1416 3317 1459 3368 vs.
1481 3305 1511 3369 4.

289 3411 398 3496 fragm.
414 3411 452 3479 A.
467 3416 627 3496 superest:
650 3412 874 3502 ἄντικοορηιὴς
893 3412 929 3477 Η
946 3415 977 3498 (i.
1000 3433 1028 3481 e.
1049 3407 1202 3497 Πόπλιος)
1226 3411 1327 3484 Αἴλιος
1349 3417 1393 3492 ΙΖ
1401 3461 1511 3480 .......

289 3523 452 3608 Reliquiae
478 3525 617 3592 indicant
643 3543 758 3592 nomen
785 3524 938 3609 inoepisse
967 3525 1006 3592 ab
1036 3525 1151 3592 litteris
1174 3521 1229 3590 Ἰσ.
1280 3525 1512 3604 Quaerentibus

288 3635 379 3702 nobis
400 3654 476 3702 num
498 3634 580 3703 forte
601 3635 672 3702 aliis
695 3657 732 3703 ex
755 3636 865 3714 titulis,
888 3637 942 3721 qui
964 3637 1046 3704 eirca
1067 3637 1147 3703 hano
1174 3637 1228 3720 (-
1245 3635 1352 3702 Severi
1374 3640 1512 3702 aetatem

288 3745 407 3814 indicat
427 3747 614 3828 paedotriba
635 3745 836 3814 Nicostratus
853 3749 907 3832 —)
930 3747 1067 3815 aetatem
1089 3752 1163 3814 sunt
1184 3747 1301 3830 scripti,
1330 3747 1430 3812 simile
1457 3764 1512 3812 no-

288 3877 360 3926 men
379 3877 417 3925 ao
437 3855 571 3930 Πόπλιος
597 3857 698 3930 Αἴλιος
718 3858 757 3922 'Io
764 3905 921 3926 ........
949 3859 1129 3940 innotuerit,
1163 3857 1246 3925 felici
1278 3876 1355 3924 casu
1381 3857 1512 3940 praebet

289 3988 325 4037 se
344 3965 480 4040 Πόπλιος
504 3968 605 4041 Αἴλιος
619 3962 802 4060 Ἰοόχρασος
821 3962 1004 4058 Παλληνεύς
1024 3969 1058 4036 in
1079 3969 1127 4036 tit.
1152 3967 1203 4055 ἐφ.
1218 3993 1289 4058 αρχ.
1313 3973 1407 4045 3830,
1429 3971 1509 4034 3831

290 4082 348 4165 (vs.
368 4085 432 4162 36),
454 4081 509 4148 ubi
537 4081 732 4148 restituimus
754 4079 805 4166 (oi.
823 4081 898 4165 Gap.
913 4081 982 4166 V.):
1031 4081 1061 4144 πὶ
1089 4079 1241 4171 ἄρχοντος
1267 4078 1361 4144 Γαΐου
1383 4077 1511 4144 Κοΐντου

283 4189 447 4280 ἹρεΊρτοα]
470 4191 698 4280 Μαραθωνίου,
721 4194 970 4281 στρατηγοῦντος
990 4190 1039 4256 ἐπὶ
1062 4191 1160 4275 (τοὺς)
1183 4186 1331 4262 abiatra:
1352 4164 1389 4257 λλ
1411 4191 1511 4255 Αλλίοα

288 4303 716 4394 7ουχριλοοο11ολ(ληνέως),
750 4325 831 4372 anno
866 4309 928 4372 210
963 4301 1033 4388 (cij
1051 4303 1152 4391 ibid).
1174 4341 1216 4351 -
1259 4303 1415 4386 Equidem
1449 4321 1511 4368 non

290 4416 400 4484 dubito
433 4417 567 4484 eundem
594 4421 702 4484 nostro
742 4417 774 4482 in
812 4417 906 4484 titulo
945 4434 992 4482 us.
1026 4420 1046 4480 4
1085 4417 1236 4499 seriptum
1272 4413 1369 4482 fnisse
1404 4414 1511 4497 itaque

287 4529 519 4596 restituendum
540 4547 610 4596 esse
632 4528 679 4608 (in
701 4527 854 4612 fragma
870 4546 915 4594 vs.
928 4528 978 4608 4):
1001 4526 1225 4616 λνταοσρηιής
1245 4499 1283 4594 λλ.
1306 4524 1407 4597 Αἴλιος
1426 4519 1510 4606 Ισ[ο’-

282 4661 405 4730 χροσος
437 4631 643 4729 Πολλονεύςλ
687 4639 730 4706 Et
758 4657 835 4707 sane
863 4639 980 4722 optima
1012 4639 1156 4721 congruit
1188 4638 1272 4722 quod
1304 4641 1449 4720 superest
1478 4637 1511 4702 in
1540 4701 1542 4707 ι
