3436 5326
657 465 893 526 —121-

153 651 225 735 ipso
250 671 348 718 anno:
371 651 478 734 itaque
500 649 550 716 hic
574 669 611 718 ex
632 647 904 732 hypopacdotriba
929 647 992 714 iam
1007 646 1109 714 factus
1125 649 1308 730 paedotriba
1321 669 1390 734 per-

156 770 280 845 petuus
303 763 391 830 eradi
413 763 505 828 iussit
526 762 603 828 illud
627 761 685 824 ὑπο
708 766 740 828 ct
762 761 898 828 adscribi
921 760 997 826 illud
1021 759 1071 824 διὰ
1084 759 1168 843 βίου.
1208 763 1311 845 Atque
1333 762 1392 828 hac

155 876 225 958 ipsa
248 895 283 942 re
305 877 524 959 conprobatur,
548 874 631 958 quod
654 892 750 956 supra
773 873 841 940 aliis
863 893 900 940 er
923 874 1026 940 causis
1049 873 1240 958 collegimus,
1264 867 1391 940 titulum

153 1006 217 1053 non
241 988 274 1054 in
297 986 358 1054 fine
381 987 521 1070 ephebici
543 985 627 1052 illius
649 987 722 1053 anni
745 986 941 1068 conpositum
965 1005 1035 1052 esse
1055 1004 1156 1070 posse.

244 1116 337 1182 Anno
359 1135 433 1199 ergo
459 1121 518 1182 192
542 1115 727 1199 paedotriba
750 1121 921 1201 perpetuus
936 1115 1104 1198 Epictetus
1127 1115 1193 1184 obit
1214 1115 1245 1182 in
1262 1117 1390 1200 eiusque

155 1229 260 1296 locum
278 1229 422 1296 succedit
443 1229 652 1296 Nicostratus.

240 1341 390 1408 Redimus
403 1341 444 1408 ad
457 1340 608 1406 0.1.246.
633 1341 746 1408 Restat
758 1339 920 1408 columnae
934 1342 966 1407 II
977 1342 1077 1409 altera
1088 1359 1161 1423 pars
1175 1343 1232 1423 (vs.
1242 1343 1390 1426 20-35),

154 1474 219 1538 qua
241 1455 339 1522 tertia
354 1456 531 1522 continetur
546 1455 718 1539 inscriptio,
741 1472 822 1537 quae
837 1455 908 1538 ipsa
923 1455 1009 1536 apud
1023 1455 1223 1520 Pittalrisinm
1238 1455 1258 1520 l.
1275 1455 1295 1520 l.
1312 1454 1390 1521 latet

155 1567 292 1634 fortasse
315 1569 374 1634 sub
396 1587 446 1634 no.
465 1573 493 1644 5,
515 1567 569 1633 ubi
591 1585 710 1650 paucae
733 1567 857 1634 litterae
872 1571 1004 1633 restant.
1043 1569 1111 1647 Qua
1127 1567 1159 1632 in
1174 1567 1389 1650 inscriptione,

156 1681 282 1762 qualem
305 1679 431 1764 quidem
446 1677 623 1745 Boeckhius
646 1679 829 1760 restituerit,
852 1680 943 1746 nobis
965 1679 1229 1761 adquiescendum
1254 1678 1389 1760 videtur,

157 1790 255 1858 donec
278 1791 462 1860 adcuratius
484 1792 698 1878 apographum
720 1792 884 1859 habeatur.

243 1921 341 1988 Recte
369 1922 437 1987 sine
466 1922 561 1988 dubio
588 1923 765 1989 Boeckhius
793 1922 892 1989 voluit
919 1921 1084 1988 manifesto
1112 1942 1156 1988 vs.
1180 1927 1198 1988 2
1229 1923 1386 2006 designari

155 2033 337 2100 archontem
361 2053 557 2117 eponymum,
580 2052 682 2116 neque
704 2035 807 2100 minus
830 2040 916 2102 recta
939 2035 1154 2100 videturesse
1177 2035 1317 2101 eiusdem
1340 2054 1385 2102 re·

156 2146 281 2211 stitutio
304 2164 348 2212 vs.
366 2151 465 2211 2-3:

325 2252 435 2347 Ἠρχεν
458 2259 474 2320 ὁ
499 2256 678 2346 Mauortem<
701 2257 797 2343 [μέν],
822 2256 1012 2350 excurramus
1033 2256 1213 2350 δ’ἐφῆβων

333 2370 514 2457 Μάρκελλος
535 2371 595 2434 κτλ.

242 2498 390 2565 Ceterum
419 2499 497 2565 nihil
526 2500 627 2566 habeo
656 2501 739 2583 quod
770 2501 919 2567 Boeckhii
946 2503 1155 2569 emendationi
1185 2507 1241 2568 aut
1273 2502 1387 2568 addam

155 2616 213 2679 aut
236 2612 415 2688 detraham3
444 2613 552 2696 itaque
574 2633 643 2679 eam
665 2619 787 2695 partem
809 2615 870 2680 huc
893 2634 954 2680 non
978 2615 1129 2682 describo.
1176 2613 1238 2681 Sed
1266 2619 1387 2680 restant

155 2725 312 2807 quaedam
335 2725 617 2791 conmemoratione
640 2726 742 2808 digna.
788 2727 965 2792 Boeckhius
988 2727 1055 2810 ipse
1084 2727 1231 2794 adnotat:
1263 2728 1387 2794 »Ascle

158 2836 271 2918 piades
294 2841 326 2901 et
348 2836 521 2901 Maximus«
547 2837 666 2920 -qui
689 2835 803 2919 ephebi
825 2838 857 2902 in
883 2837 1084 2921 inscriptione
1110 2843 1324 2904 memorantur
1347 2875 1387 2885 -

158 2947 295 3014 »debent
316 2947 409 3014 iidem
432 2949 541 3015 haberi
561 2949 659 3033 quin.
677 2954 738 3014 245
763 2949 810 3032 (C.
827 2951 873 3033 1.).
908 2951 949 3015 Et
965 2951 1119 3016 Maximus
1140 2951 1266 3032 quidem
1282 2969 1311 3016 n.
1325 2955 1387 3014 245

156 3075 213 3142 col.
230 3076 280 3142 ΙΙΙ
302 3095 347 3142 vs.
365 3082 383 3142 5
406 3078 481 3144 vicit
503 3058 533 3141 Γ
551 3078 661 3166 πάλην,
684 3079 759 3145 item
775 3080 831 3146 col.
844 3080 894 3146 Ill
909 3099 954 3146 rs.
970 3085 1009 3144 22
1025 3081 1057 3144 in
1072 3080 1255 3155 Athenaeis3
1279 3078 1388 3160 quidni

155 3187 271 3254 ibidem
294 3187 326 3252 in
340 3187 630 3270 Philadelpbiorum
651 3191 832 3269 victoribus
855 3211 987 3274 quorum
1009 3193 1135 3258 nomina
1149 3193 1319 3276 perierunt,
1343 3190 1388 3256 fu·

157 3317 218 3384 erit
239 3323 312 3400 post
333 3293 480 3406 Ῐπάλην
503 3319 662 3402 scriptus?
706 3321 908 3403 Asclepiades
930 3341 1004 3389 vero
1026 3323 1140 3390 ibidem
1164 3322 1220 3389 col.
1238 3322 1287 3386 ΙΙΙ
1309 3325 1388 3387 vs.3

156 3447 256 3513 victor
272 3453 320 3514 est
336 3431 484 3536 Ᾱπάλην,
509 3453 541 3516 et
556 3449 660 3532 potuit
676 3451 771 3515 etiam
786 3451 818 3514 in
833 3450 1119 3533 Philadelpbiorum
1134 3469 1265 3518 recensu
1281 3450 1390 3516 eodem

157 3559 224 3625 loco
247 3559 368 3641 positus
392 3578 471 3626 esse.
518 3561 605 3639 Quae
628 3579 698 3626 cum
721 3565 786 3626 tam
808 3568 954 3628 accurate
977 3563 1171 3643 conveniant,
1197 3582 1258 3628 non
1282 3563 1390 3628 dubito

156 3671 284 3737 titulum
306 3672 346 3736 ad
369 3672 495 3738 eosdem
518 3671 609 3737 ludos
632 3671 764 3754 referre,
794 3673 832 3738 de
855 3673 970 3754 quibus
993 3693 1041 3740 no.
1062 3678 1153 3738 245.«
1200 3674 1237 3738 In
1260 3675 1391 3739 eandem

155 3803 287 3866 prorsus
311 3785 498 3850 sententiam
521 3785 609 3851 abire
633 3804 689 3867 ego
713 3803 774 3850 non
799 3785 918 3851 dubito.
957 3785 1079 3852 Titulus
1103 3785 1137 3852 0.
1157 3785 1181 3851 I.
1199 3789 1260 3849 245
1282 3784 1392 3868 procul

157 3895 253 3962 dubio
276 3896 384 3962 eodem
407 3915 488 3963 anuo
511 3897 530 3962 i.
555 3915 582 3961 e.
607 3897 716 3962 eodem
739 3897 797 3962 sub
829 3897 994 3976 archonte,
1025 3902 1181 3975 cosmeta,
1209 3897 1393 3980 paedotriba

157 4013 207 4074 est
228 4012 383 4074 exaratus.
421 4007 483 4086 Qui
505 4007 550 4073 ibi
572 4008 772 4090 conpluribus
794 4009 825 4074 iu
843 4009 1065 4076 certaminibus
1081 4013 1283 4085 memoratur,
1306 4008 1391 4094 Μάρ-

83 4179 89 4189 ,
158 4119 275 4194 κελλος,
299 4117 359 4184 luit
380 4117 515 4185 fortasse
537 4119 635 4200 ipsius
659 4125 814 4185 cosmetae
829 4120 968 4186 Marcelli
993 4120 1085 4188 filius.
1132 4122 1199 4186 lam
1222 4121 1288 4203 ipse
1312 4121 1393 4186 addo

158 4231 254 4296 etiam
277 4231 323 4296 tit.
339 4231 469 4314 Ephem.
486 4232 570 4298 arch.
595 4251 644 4297 no.
663 4236 746 4296 2600
762 4233 872 4298 eodem
889 4251 970 4296 anno
987 4233 1193 4315 conpositum,
1217 4232 1309 4297 immo
1325 4251 1394 4314 par·

157 4343 286 4408 ticulam
309 4345 467 4423 quandam
490 4361 559 4410 esse
583 4343 667 4408 tituli
683 4343 716 4408 0.
733 4344 757 4408 l.
775 4347 853 4407 245;
870 4342 935 4408 lere
950 4363 1058 4410 omnes
1075 4345 1156 4409 enim
1172 4343 1266 4409 iidem
1282 4343 1394 4425 ephebi
1474 4391 1477 4396 -

159 4459 295 4539 utroque
315 4455 419 4538 lapide
442 4456 643 4534 exhibentur3
666 4453 831 4520 manifesto
855 4459 959 4520 autem
984 4455 1060 4520 illud
1079 4456 1209 4538 adparet
1224 4455 1296 4521 inde
1312 4455 1394 4536 quod

157 4547 188 4630 i11
213 4565 248 4631 C.
271 4565 296 4630 Ι.
320 4570 381 4630 245
405 4567 462 4632 col.
485 4568 518 4632 II
549 4585 595 4633 VS.
622 4571 661 4631 12
691 4567 822 4649 legitur:
854 4565 1085 4652 Φιλαδελφείων
1115 4565 1396 4654 ἀγωνοθετούντων

160 4678 290 4765 Μάρκου
314 4680 362 4742 καὶ
383 4678 633 4767 Ιιήφεισοὸώρου
657 4677 781 4742 sestace
804 4678 879 4743 ard:
903 4678 924 4743 ii
947 4699 1057 4746 revera
1070 4679 1103 4744 in
1118 4677 1196 4762 Eph.
1212 4678 1296 4745 arch.
1313 4683 1396 4744 2600
