3418 5340
825 403 1016 462 ..4-

308 594 378 656 erat
399 589 432 656 in
453 587 558 671 lapide
579 606 625 655 vs,
651 592 692 654 10
714 585 846 661 Αιαντιὸ,
870 580 1219 671 70.13Ἀντιοχιὸ0.-
1259 577 1310 645 Vs.
1329 581 1379 654 16,
1402 576 1467 644 001.
1482 577 1531 642 III

309 701 377 767 sine
413 699 508 766 dubio
544 704 630 766 recte
670 697 901 780 supplevimus:
949 690 1164 780 Χα[ρ]εισίου;
1215 689 1297 757 demi
1336 708 1447 756 nomen
1484 694 1532 755 eat

305 808 563 898 Ἀ1[ω.τετῇι9εν];
587 810 671 892 quod
693 813 863 888 utrumque
886 824 923 872 eo
939 803 1152 883 confirmatur,
1177 802 1261 885 quod
1275 799 1424 866 iamdiam
1437 819 1531 883 quan-

307 922 380 988 dam
411 921 624 987 Charisiorum
656 919 730 985 huic
761 918 853 984 demo
888 917 1057 998 ascriptam
1089 913 1187 980 inisse
1219 912 1322 980 elucet
1350 930 1387 976 ex
1415 908 1477 974 Φιλ.
1507 911 1531 975 Ι.

309 1034 381 1114 384,
404 1038 434 1111 4,
465 1032 518 1098 ubi
539 1049 584 1097 vs.
608 1035 648 1096 76
672 1035 704 1096 et
732 1047 778 1096 vs.
803 1033 843 1092 77
868 1026 933 1094 Col.
957 1027 991 1092 II
1012 1026 1072 1092 sub
1104 1025 1191 1092 tribu
1213 1021 1397 1090 Antiochida
1429 1040 1532 1088 recen-

308 1148 418 1210 sentur
453 1143 565 1226 ephebi
600 1127 768 1228 chec'ococ
796 1136 964 1225 Xaperciuu
991 1134 1126 1202 'Aduo‘
1152 1139 1186 1202 et
1211 1132 1336 1219 Δίφιλος
1368 1131 1532 1219 Xaparcc'ou

302 1252 522 1343 Ἀλωπεκῆθεν.
545 1290 587 1302 -

404 1383 456 1450 Vc.
481 1385 522 1448 16
545 1380 624 1460 (Col.
648 1381 711 1464 ΙΙΙ)
734 1385 807 1464 post
829 1379 931 1446 tribus
953 1397 1066 1445 nomen
1089 1381 1192 1443 exstat
1213 1380 1297 1454 ΤΑ;
1320 1372 1533 1457 spectanthae

309 1495 436 1561 litterae
457 1493 499 1558 ad
521 1511 646 1558 versum
669 1491 904 1558 antecedentem
919 1509 956 1556 ac
970 1493 1046 1556 sunt
1060 1488 1206 1554 demotici
1219 1487 1352 1553 nominis
1374 1483 1533 1567 reliquiae.

313 1605 388 1672 Sine
411 1604 506 1670 dubio
528 1605 561 1668 in
582 1621 677 1668 versu
701 1607 740 1667 15
764 1602 919 1669 demotico
942 1599 1108 1667 scribendo
1137 1600 1226 1667 locus
1254 1617 1316 1664 non
1344 1601 1430 1662 erat:
1462 1612 1537 1676 qua-

312 1720 470 1786 dratarius
492 1737 564 1785 cum
586 1718 730 1785 omit-tere
752 1715 850 1782 nollet
872 1715 1004 1796 sculpsit
1025 1716 1135 1794 supter
1156 1713 1281 1787 lineam,
1310 1709 1343 1775 id
1364 1707 1449 1790 quod
1470 1723 1536 1772 sae

311 1833 383 1914 pius
405 1832 439 1896 in
460 1831 546 1897 hisce
568 1829 669 1896 titulis
692 1827 777 1896 cerni
798 1831 913 1909 potest,
935 1824 1034 1891 veluti
1056 1825 1096 1890 ob
1119 1823 1250 1889 eandem
1278 1838 1406 1888 causam
1426 1837 1471 1885 vs.
1496 1822 1535 1882 14

312 1993 529 2076 scriptumest
551 1937 860 2072 ΜΑΡΑΘΩΝΙό.
879 2023 915 2033 ·-
941 1987 1031 2052 Demi
1046 1990 1153 2051 autem
1168 2003 1279 2052 nomen
1302 1983 1427 2050 videtur
1441 1981 1536 2046 fuisse

314 2105 469 2187 ΤΙΤΑζ·
487 2102 521 2167 id
543 2105 592 2165 est
613 2099 830 2180 compendium
853 2116 909 2179 pro
938 2095 1101 2184 Τιτακίδης.
1123 2130 1167 2146 .-

399 2233 503 2314 Atque
524 2230 602 2296 haec
622 2228 785 2294 hactenus.
821 2225 1009 2310 Priusquam
1032 2229 1139 2291 autem
1156 2224 1267 2306 quanti
1288 2222 1400 2288 titulus
1416 2222 1459 2286 sit
1473 2240 1537 2287 mo·

313 2341 410 2406 menti
432 2341 691 2417 demonstremus,
713 2336 837 2418 singula
859 2337 1014 2418 quaedam
1036 2337 1175 2401 notanda
1199 2341 1282 2401 sunt.

401 2466 555 2533 Columna
577 2466 593 2531 I
615 2464 793 2532 continetur
822 2465 916 2532 index
938 2465 1103 2547 generalis,
1131 2465 1184 2532 sol.
1206 2465 1446 2547 magistratuum
1475 2482 1538 2528 ma-

318 2579 528 2660 gistrorumve
550 2575 685 2655 nomina,
716 2576 852 2658 exceptis
882 2574 1150 2656 subsophronistis
1165 2581 1198 2641 et
1212 2574 1454 2658 cestrophylaee,
1476 2592 1539 2640 una

315 2705 386 2753 cum
408 2685 663 2769 gymnasiarchis.
693 2683 757 2750 Col.
770 2685 803 2749 ΙΙ
825 2685 1042 2768 complectitur
1065 2687 1336 2772 πρωτεῃράφους
1355 2687 1376 2751 i.
1394 2707 1420 2752 e.
1444 2685 1539 2750 Athe

315 2797 439 2863 nienses
463 2796 599 2878 ephebos
628 2800 697 2862 octo
726 2795 866 2875 priorum
896 2796 1036 2863 tribuum
1064 2796 1105 2863 ab
1132 2797 1341 2864 Erechtheide
1369 2815 1470 2880 usque
1499 2796 1539 2862 ad

316 2907 489 2988 Oineidem,
512 2926 606 2990 quam
629 2926 666 2972 ex
688 2913 796 2972 nostro
819 2906 1036 2989 supplemento
1059 2913 1235 2987 sequuntur
1263 2907 1540 2989 subsophronistae

316 3024 349 3084 et
370 3019 595 3100 cestrophylax.
629 3056 659 3066 -
705 3015 769 3082 Col.
794 3017 844 3080 III
874 3017 1009 3098 deniquo
1038 3017 1177 3083 continet
1205 3017 1341 3099 ephebos
1372 3017 1538 3083 Athenien-

316 3147 367 3195 ses
397 3134 572 3194 ceterarum
599 3127 737 3208 quinque
765 3125 906 3191 tribuum
935 3132 968 3192 et
1002 3123 1223 3212 ἐπεγγρᾶφυυς
1249 3129 1269 3193 i.
1297 3147 1324 3194 0.
1357 3128 1540 3210 peregrinos

318 3239 465 3321 ephebos.
489 3275 529 3284 -—

409 3348 462 3412 Va.
488 3352 514 3430 1,
538 3349 604 3415 001.
627 3349 677 3414 ΙΙΙ
699 3349 731 3413 in
752 3348 856 3430 lapide
879 3353 983 3414 exstat
1006 3347 1038 3429 θ,
1060 3349 1145 3429 quod
1167 3349 1319 3415 initialem
1334 3348 1473 3416 litteram
1486 3368 1540 3415 no·

318 3460 410 3526 minis
431 3461 550 3544 proprii
572 3459 735 3526 cuiusdam
757 3459 856 3526 fuisse
877 3459 957 3525 haut
978 3459 1071 3526 iacile
1094 3459 1288 3537 crediderim,
1311 3479 1382 3527 cum
1404 3479 1466 3526 non
1487 3479 1539 3542 pa·

318 3575 393 3652 teat,
417 3591 473 3637 cur
494 3571 553 3637 hoc
574 3589 671 3635 unum
686 3589 799 3637 nomen
814 3589 877 3636 non
892 3589 962 3636 cum
985 3572 1097 3638 ceteris
1120 3569 1202 3636 infra
1223 3571 1282 3638 sub
1305 3572 1390 3638 tribu
1412 3571 1542 3637 Oineide

318 3685 506 3749 recensitum
529 3681 633 3748 fuerit.
678 3681 808 3748 Accedit
831 3682 915 3764 quod
944 3700 989 3747 vs.
1015 3682 1044 3761 1,
1068 3681 1133 3747 Col.
1157 3681 1174 3746 1
1195 3681 1329 3748 formula
1353 3681 1441 3752 θεοῖς
1467 3681 1541 3770 τύχῃ

317 3811 455 3875 prorsus
472 3792 557 3874 quod
569 3793 673 3872 sciam,
687 3797 736 3858 est
750 3792 918 3873 singularis
942 3791 1009 3874 (cfr.
1025 3792 1138 3872 Franz,
1155 3791 1192 3860 el.
1208 3792 1306 3876 epigr.
1321 3811 1393 3875 pag.
1410 3797 1481 3870 318,
1497 3797 1540 3870 7).

318 3903 430 3984 itaque
463 3902 567 3969 nescio
602 3921 652 3984 an,
685 3907 831 3996 respecta
862 3902 970 3967 littera
1005 3901 1082 3966 ein
1105 3902 1171 3969 001.
1194 3903 1253 3985 111,
1285 3921 1331 3972 vs.
1356 3909 1370 3967 l
1395 3921 1453 3986 per
1477 3907 1542 3968 tres

318 4015 479 4080 columnas
507 4014 663 4098 sculptum
692 4013 788 4079 fuerit
816 4012 904 4083 θεοις
930 4035 1005 4101 supp
1030 4013 1119 4096 [ἀγα]
1144 4013 1163 4077 θ
1185 4012 1243 4102 [p].
1271 4051 1314 4062 —
1362 4014 1542 4082 Formulam

319 4123 394 4213 τύχῃ
418 4121 529 4211 ἀγαθῇ
549 4110 648 4190 habes
671 4124 766 4189 etiam
788 4121 822 4189 O.
847 4125 871 4188 1.
894 4142 940 4206 gr.
966 4123 1037 4188 378.
1062 4127 1155 4206 2525,
1179 4125 1208 4190 b.
1231 4162 1275 4172 -
1318 4125 1409 4205 Quod
1431 4145 1468 4192 ex
1491 4145 1542 4192 vo·

321 4234 431 4301 cabulo
456 4232 560 4322 dyada
582 4233 675 4300 hodie
697 4235 774 4299 nihil
797 4240 942 4316 superest
963 4236 1024 4300 nisi
1047 4234 1067 4296 θ
1088 4254 1150 4300 000
1174 4241 1222 4300 est
1243 4236 1366 4318 mirum,
1397 4255 1476 4318 cum,
1507 4242 1543 4302 ut

319 4345 434 4412 Gorius
456 4344 570 4428 firmat,
592 4346 625 4410 in
647 4349 714 4411 toto
736 4345 841 4427 lapide
868 4344 993 4411 litterae
1023 4345 1135 4411 rhodie
1165 4351 1324 4412 vetustate
1357 4345 1448 4413 vaide
1479 4348 1543 4413 sint

319 4457 482 4522 detritae«
507 4494 548 4502 -
587 4456 730 4539 Denique
752 4473 860 4522 vocem
882 4478 957 4544 capp
981 4455 1085 4543 dyadp
1107 4474 1170 4521 non
1185 4462 1222 4522 ut
1235 4457 1459 4524 nominativum
1474 4476 1543 4526 esse

317 4566 561 4650 intellegendam
583 4567 661 4633 satis
684 4571 824 4632 constat:
848 4565 906 4633 hoc
921 4573 1061 4650 tempore
1072 4566 1137 4634 iota
1151 4572 1273 4634 mutum
1288 4568 1369 4636 solet
1382 4569 1543 4636 omitti-
