3418 5340
817 415 1028 476 ...53-

396 601 547 666 Redimus
569 600 610 666 ad
631 600 731 683 ipsam
755 601 998 683 inscriptionem.

403 710 454 775 Vc.
478 715 507 774 7.
552 709 764 798 Φιλιοτείὸγς)
786 708 959 797 Πειραιεύς.
1008 710 1111 776 Huius
1134 715 1224 792 pater
1245 711 1370 776 videtur
1391 731 1460 778 esse
1483 713 1535 795 qui

310 825 343 890 in
370 823 433 890 del.
456 824 521 904 ΙΙΙ,
550 828 662 900 4441
695 820 746 905 (ei.
771 821 833 888 dcl.
855 824 880 904 I,
905 827 984 904 384,
1007 828 1040 901 3)
1068 841 1096 888 a.
1122 827 1192 888 165.
1221 820 1273 907 (cf.
1304 843 1374 906 pag.
1404 821 1466 909 18.)
1488 831 1535 890 est

310 953 482 1019 eponymus
501 933 617 1000 archon
641 931 832 1021 Φιλιστείὸγς
854 931 1027 1018 Πειραιεύς.
1067 934 1179 1016 Itaque
1201 953 1272 1000 cnm
1293 939 1401 1001 nostra
1430 935 1536 1002 inseri·

309 1050 375 1132 ptio
398 1049 469 1115 circ.
493 1067 522 1114 a.
549 1052 608 1112 193
631 1046 775 1129 ponenda
803 1046 862 1126 sit,
890 1046 929 1112 de
958 1062 1019 1126 quo
1049 1045 1131 1110 intra
1153 1044 1307 1127 dicemus,
1337 1046 1461 1114 circiter
1482 1047 1536 1112 tri-

311 1161 399 1244 ginta
421 1160 495 1226 anni
517 1157 673 1225 interiecti
695 1162 779 1223 sunt.
823 1159 896 1239 Ipse
918 1163 1024 1226 autem
1047 1157 1237 1246 Φιλιστείόγς
1260 1157 1445 1223 Φιλιστείδου
1467 1157 1536 1223 Πει-

308 1271 418 1358 ραιεύς
435 1272 551 1338 archon
574 1288 745 1354 eponymus
768 1274 817 1336 est
839 1271 871 1336 in
895 1268 959 1333 dcl.
982 1269 1041 1347 III,
1063 1274 1178 1354 549,1,
1202 1271 1255 1352 qui
1274 1271 1385 1338 titulus
1407 1271 1536 1354 proinde

310 1384 383 1450 circ.
405 1402 434 1449 a.
458 1385 627 1449 tro-220
649 1387 699 1448 est
720 1372 930 1450 collocandus,

404 1493 454 1561 Vs.
478 1496 508 1560 9.
551 1492 686 1564 Πόπλιος
708 1491 807 1564 Αἴλιος
827 1492 999 1582 Κορνήλιος
1018 1491 1244 1582 Π[οιλληνεύς];
1269 1495 1457 1562 demetitum
1473 1493 1537 1560 effi·

312 1607 395 1672 citur
419 1625 457 1671 ex
483 1624 528 1671 vs.
552 1610 602 1686 48,
633 1605 687 1672 ubi
708 1605 848 1672 eiusdem
872 1605 984 1689 ephebi
1012 1625 1125 1673 nomen
1154 1605 1237 1672 redit
1266 1611 1299 1674 et
1320 1605 1382 1673 fert
1404 1625 1536 1688 conpen-

313 1717 399 1782 dium
420 1713 501 1780 Ital*
523 1715 543 1781 i.
567 1736 594 1782 e.
616 1714 804 1804 Παλληνεύς.
826 1753 868 1763 -

404 1826 456 1893 Vs.
482 1829 617 1894 12—18.
661 1827 812 1910 βασιλεὺς
829 1827 963 1898 Πόπλιος
985 1827 1085 1900 Αἴλιος
1106 1829 1249 1916 Φείὸιγιος
1270 1829 1449 1920 Παλληνεὺς
1469 1829 1536 1894 ἐπε-

313 1940 436 2004 τέλεσεν
474 1940 526 2003 τὸν
555 1938 662 2022 dyona
691 1949 754 2004 τοῖν
776 1940 919 2029 Ληναέιον
941 1943 989 2005 καὶ
1010 1941 1134 2006 ἑοτίοιοε
1164 1942 1238 2013 τοὺς
1264 1943 1466 2032 συνεφήβους
1490 1942 1538 2004 καὶ

313 2054 386 2124 τοὺς
413 2055 482 2140 περὶ
511 2054 545 2116 τὸ
574 2052 744 2136 Διογένειον
772 2053 898 2123 πάντας.
921 2091 962 2100 -
986 2053 1042 2119 Vs,
1068 2059 1115 2118 15.
1138 2052 1263 2116 ἑστίαοε
1291 2055 1382 2137 culpa
1404 2053 1538 2138 quadra-

311 2165 384 2230 tarii
406 2166 567 2248 scriptum,
590 2168 699 2231 contra
720 2183 765 2230 vs.
789 2168 830 2229 46
852 2168 938 2230 recte
961 2163 1105 2230 εἱστίασε.
1129 2201 1172 2210 -
1192 2165 1354 2232 Phidimns
1383 2166 1436 2232 ille
1467 2185 1537 2232 con·

311 2275 386 2344 lecit
413 2276 565 2343 sollennia
586 2275 712 2343 Lenaea
739 2280 772 2342 et
801 2275 946 2342 omnibns
976 2276 1089 2342 ceteris
1118 2276 1246 2359 ephebis
1275 2296 1446 2360 eorumque
1473 2297 1536 2344 ma·

311 2388 419 2471 gistris
433 2387 646 2470 ministrisque
661 2385 770 2469 epulas
788 2387 921 2469 paravit,
943 2390 1112 2468 utrumque
1127 2388 1192 2453 suis
1209 2388 1327 2456 scilicet
1349 2389 1535 2470 sumptibus.

315 2497 432 2564 Similis
454 2502 530 2564 nota
552 2503 602 2564 est
622 2515 667 2562 vs.
691 2501 833 2564 46-48:
863 2497 1028 2582 ελοτ[ιόι]οε
1051 2499 1123 2570 τοὺς
1144 2499 1373 2587 σονεφήβο[ος]
1397 2497 1538 2570 καὶτοὺς
1646 2500 1655 2516 “

313 2610 383 2696 περὶ
406 2610 440 2672 τὸ
462 2608 643 2692 Διογένειον.
667 2645 708 2656 -
730 2609 857 2676 Lenaea
878 2615 952 2676 sunt
973 2608 1125 2677 sollennia
1146 2611 1201 2678 ille
1223 2611 1263 2678 ad
1284 2611 1398 2680 Bacchi
1420 2611 1538 2678 cultum

312 2719 500 2801 spectantia,
523 2720 662 2801 itemque
683 2739 764 2803 quae
785 2739 830 2786 vs.
854 2725 895 2786 24
918 2726 1132 2788 memorantur
1154 2723 1306 2789 sollennia
1327 2720 1447 2808 Ko'dpoc
1468 2722 1537 2804 (pro

312 2850 374 2916 quo
413 2836 596 2916 expectatur
630 2832 768 2920 Χύτροι).
823 2833 911 2912 Quae
948 2832 1010 2899 duo
1043 2833 1125 2900 festa
1157 2839 1231 2900 sunt
1263 2832 1400 2914 publica,
1437 2851 1539 2916 neque

312 2943 501 3027 epheborum
513 2944 641 3027 propria
654 2961 756 3024 neque
771 2944 810 3010 ab
825 2943 875 3008 his
889 2944 1035 3024 privatim
1052 2949 1130 3022 aete,
1147 2945 1253 3026 qualia
1268 2949 1343 3010 sunt
1357 2963 1437 3028 quae
1454 2944 1538 3011 dein·

311 3073 384 3136 ceps
414 3059 572 3121 secuntur.
625 3055 730 3136 Atque
760 3073 829 3120 eam
862 3055 901 3121 ob
930 3073 1057 3121 causam
1087 3055 1265 3137 Phidimus,
1294 3055 1538 3138 Dionysodorus,

310 3165 500 3232 Menodorus
522 3165 604 3231 inira
625 3166 708 3232 inter
730 3167 936 3250 agonothetes
958 3187 1021 3234 non
1043 3174 1246 3237 recensentur
1267 3174 1304 3236 ut
1325 3169 1443 3252 proprii
1466 3186 1538 3250 ago·

314 3277 464 3342 nothetae
492 3275 644 3343 festorum
666 3275 862 3343 Lenaeorum
885 3283 917 3344 et
939 3277 1137 3361 (lhytrorum.
1152 3316 1195 3328 -
1210 3281 1265 3346 Vs.
1285 3286 1333 3345 17.
1363 3281 1391 3343 ot
1413 3279 1482 3364 περὶ
1505 3279 1539 3341 τὸ

310 3385 481 3470 Διογένειαν
503 3391 596 3468 sunt,
626 3387 746 3454 utiam
769 3407 865 3471 supra
887 3389 1036 3466 diximus,
1060 3391 1264 3475 magistratus
1286 3390 1430 3473 magistri
1451 3389 1541 3455 mini-

311 3499 369 3566 stri
391 3500 499 3580 quiin
520 3501 682 3583 gymnasio
704 3501 875 3584 Diogeneio
905 3501 1086 3568 muneribus
1115 3501 1299 3584 funguntur.
1344 3501 1535 3583 Diogeneion

311 3616 360 3676 est
380 3629 492 3677 nomen
513 3611 667 3694 gymnasii
689 3617 722 3678 et
743 3613 810 3679 eius
833 3611 960 3693 quidem
983 3613 1067 3697 quod
1088 3612 1278 3695 epheborum
1294 3611 1455 3695 proprium
1477 3609 1538 3677 luit

310 3723 533 3806 imperatorum
555 3727 669 3790 aetate.
709 3723 887 3802 Numquam
909 3722 941 3786 in
963 3722 1187 3805 imperatorum
1203 3723 1316 3790 aetatis
1330 3719 1432 3789 titulis
1452 3741 1539 3788 men·

311 3821 356 3900 tio
385 3833 422 3900 fit
448 3835 579 3900 alterins
606 3833 759 3916 gymnasii
786 3831 972 3914 Ptolemaei,
1003 3833 1058 3900 sed
1089 3853 1211 3916 semper
1232 3835 1392 3918 Diogenei.
1439 3833 1540 3916 Atque

310 3945 471 4011 adsentior
487 3944 731 4028 Dittenbergero
753 3944 808 4025 qui
829 3943 849 4008 l.
871 3945 892 4010 l.
914 3963 986 4028 pag.
1011 3949 1050 4010 52
1074 3946 1232 4012 eonditum
1250 3963 1318 4012 esse
1339 3945 1407 4013 vult
1428 3947 1541 4030 Dioge-

310 4055 402 4122 neion
423 4056 463 4122 ab
485 4055 538 4120 illo
561 4056 717 4138 Diogene,
750 4055 859 4138 quiin
889 4055 989 4120 titulis
1014 4053 1077 4120 Φιλ.
1100 4057 1116 4121 Ι
1144 4062 1217 4138 post
1245 4076 1316 4140 pag.
1341 4059 1391 4138 56,
1416 4059 1443 4121 1.
1467 4062 1496 4123 2.
1521 4063 1539 4123 3

310 4169 425 4236 dicitur
446 4167 616 4257 εὐεργέτης
637 4173 670 4236 et
691 4169 742 4236 eui
763 4169 994 4252 Diogeneorum
1015 4169 1131 4236 festum
1153 4169 1372 4236 celebrabatur
1399 4166 1452 4247 (cl.
1477 4166 1541 4234 Φιλ.

310 4279 449 4357 ibidem).
498 4279 610 4361 Neque
638 4280 718 4346 alius
745 4280 871 4346 videtur
899 4299 968 4346 esse
997 4281 1050 4361 qui
1079 4282 1111 4346 in
1136 4279 1199 4346 dcl.
1223 4280 1267 4346 IV
1294 4298 1362 4362 pag.
1387 4283 1448 4344 545
1474 4283 1539 4345 not.

310 4391 342 4456 in
364 4391 439 4458 sede
463 4411 638 4458 marmorea
660 4392 848 4474 Dionysiaeo
870 4393 903 4457 in
926 4377 1050 4458 theatro
1072 4398 1199 4473 reperte
1220 4391 1421 4474 praedicatur
1438 4388 1539 4472 Διογέ-

312 4524 370 4589 eq<
391 4500 569 4590 εὐεργέτης.
615 4502 849 4570 Schoemannus
879 4501 950 4581 (Gr.
972 4503 1078 4586 Antiq.
1102 4504 1128 4568 l.
1158 4521 1228 4586 pag.
1254 4507 1329 4579 508)
1360 4521 1379 4567 a
1401 4501 1541 4584 Diogene

311 4613 464 4680 statuario
491 4617 523 4678 et
545 4612 716 4680 architecto
739 4613 809 4696 illo,
838 4613 893 4698 qui
913 4611 1049 4695 Augusti
1070 4619 1212 4702 tempore
1234 4611 1327 4695 vixit,
1349 4611 1570 4710 150351ιεί05Δ
