<?xml version="1.0" encoding="UTF-8"?>
<!DOCTYPE html PUBLIC "-//W3C//DTD XHTML 1.0 Transitional//EN"
    "http://www.w3.org/TR/xhtml1/DTD/xhtml1-transitional.dtd">
<html xmlns="http://www.w3.org/1999/xhtml" xml:lang="en" lang="en">
 <head>
  <title>
</title>
<meta http-equiv="Content-Type" content="text/html;charset=utf-8" />
  <meta name='ocr-system' content='tesseract 3.04.00' />
  <meta name='ocr-capabilities' content='ocr_page ocr_carea ocr_par ocr_line ocrx_word'/>
</head>
<body>
  <div class='ocr_page' id='page_1' title='image "./commentationese00neubgoog_0167.png"; bbox 0 0 3436 5326; ppageno 0'>
   <div class='ocr_carea' id='block_1_1' title="bbox 792 365 1024 426">
    <p class='ocr_par' dir='ltr' id='par_1_1' title="bbox 792 365 1024 426">
     <span class='ocr_line' id='line_1_1' title="bbox 792 365 1024 426; baseline -0.013 1"><span class='ocrx_word' id='word_1_1' title='bbox 792 365 1024 426; x_wconf 82' lang='lat'>-154-</span> 
     </span>
    </p>
   </div>
   <div class='ocr_carea' id='block_1_2' title="bbox 298 548 1533 749">
    <p class='ocr_par' dir='ltr' id='par_1_2' title="bbox 298 548 1533 749">
     <span class='ocr_line' id='line_1_2' title="bbox 298 548 1531 632; baseline -0.003 -14"><span class='ocrx_word' id='word_1_2' title='bbox 298 555 411 632; x_wconf 89' lang='lat' dir='ltr'>potest.</span> <span class='ocrx_word' id='word_1_3' title='bbox 456 550 554 630; x_wconf 86' lang='lat' dir='ltr'><strong>Atqui</strong></span> <span class='ocrx_word' id='word_1_4' title='bbox 576 568 646 616; x_wconf 90' lang='lat' dir='ltr'>cum</span> <span class='ocrx_word' id='word_1_5' title='bbox 668 548 776 615; x_wconf 88' lang='lat' dir='ltr'>eodem</span> <span class='ocrx_word' id='word_1_6' title='bbox 799 548 830 614; x_wconf 91' lang='lat' dir='ltr'>in</span> <span class='ocrx_word' id='word_1_7' title='bbox 853 549 901 614; x_wconf 92' lang='lat' dir='ltr'>tit.</span> <span class='ocrx_word' id='word_1_8' title='bbox 927 548 1018 630; x_wconf 80' lang='lat' dir='ltr'><strong>(Phil.</strong></span> <span class='ocrx_word' id='word_1_9' title='bbox 1043 550 1097 626; x_wconf 88' lang='lat' dir='ltr'>IV,</span> <span class='ocrx_word' id='word_1_10' title='bbox 1127 555 1198 627; x_wconf 85' lang='lat'>559,</span> <span class='ocrx_word' id='word_1_11' title='bbox 1224 551 1253 632; x_wconf 88' lang='grc'>1)</span> <span class='ocrx_word' id='word_1_12' title='bbox 1288 556 1456 632; x_wconf 77' lang='lat' dir='ltr'>conpareat</span> <span class='ocrx_word' id='word_1_13' title='bbox 1487 550 1531 614; x_wconf 79' lang='grc' dir='ltr'>ὃι-</span> 
     </span>
     <span class='ocr_line' id='line_1_3' title="bbox 299 659 1533 749; baseline 0 -23"><span class='ocrx_word' id='word_1_14' title='bbox 299 662 455 731; x_wconf 78' lang='grc' dir='ltr'><em>δάσκαλος</em></span> <span class='ocrx_word' id='word_1_15' title='bbox 475 659 682 749; x_wconf 73' lang='grc' dir='ltr'><em>Παλαμήδης,</em></span> <span class='ocrx_word' id='word_1_16' title='bbox 710 679 802 742; x_wconf 89' lang='lat' dir='ltr'>quem</span> <span class='ocrx_word' id='word_1_17' title='bbox 825 660 909 724; x_wconf 88' lang='lat' dir='ltr'>intra</span> <span class='ocrx_word' id='word_1_18' title='bbox 931 677 1029 724; x_wconf 88' lang='lat' dir='ltr'>annos</span> <span class='ocrx_word' id='word_1_19' title='bbox 1056 665 1224 726; x_wconf 82' lang='lat'><strong>232-235</strong></span> <span class='ocrx_word' id='word_1_20' title='bbox 1254 679 1367 726; x_wconf 88' lang='lat' dir='ltr'>munus</span> <span class='ocrx_word' id='word_1_21' title='bbox 1396 662 1533 728; x_wconf 85' lang='lat' dir='ltr'>subiisse</span> 
     </span>
    </p>
   </div>
   <div class='ocr_carea' id='block_1_3' title="bbox 298 771 1534 1638">
    <p class='ocr_par' dir='ltr' id='par_1_3' title="bbox 298 771 1534 1412">
     <span class='ocr_line' id='line_1_4' title="bbox 299 771 1534 856; baseline -0.002 -16"><span class='ocrx_word' id='word_1_22' title='bbox 299 793 395 856; x_wconf 85' lang='lat' dir='ltr'>supra</span> <span class='ocrx_word' id='word_1_23' title='bbox 415 773 562 853; x_wconf 76' lang='lat' dir='ltr'>indicavi,</span> <span class='ocrx_word' id='word_1_24' title='bbox 584 772 759 838; x_wconf 81' lang='lat' dir='ltr'>necessarie</span> <span class='ocrx_word' id='word_1_25' title='bbox 782 771 913 838; x_wconf 85' lang='lat' dir='ltr'>efficitur</span> <span class='ocrx_word' id='word_1_26' title='bbox 940 776 977 837; x_wconf 92' lang='lat' dir='ltr'>ut</span> <span class='ocrx_word' id='word_1_27' title='bbox 1004 771 1114 838; x_wconf 89' lang='lat' dir='ltr'>titulus</span> <span class='ocrx_word' id='word_1_28' title='bbox 1141 773 1223 838; x_wconf 91' lang='lat' dir='ltr'><strong>Phil.</strong></span> <span class='ocrx_word' id='word_1_29' title='bbox 1247 773 1301 854; x_wconf 84' lang='lat' dir='ltr'>IV,</span> <span class='ocrx_word' id='word_1_30' title='bbox 1331 777 1406 854; x_wconf 80' lang='lat'><strong>559,</strong></span> <span class='ocrx_word' id='word_1_31' title='bbox 1439 779 1453 838; x_wconf 92' lang='lat'>1</span> <span class='ocrx_word' id='word_1_32' title='bbox 1483 774 1534 839; x_wconf 88' lang='lat' dir='ltr'>in-</span> 
     </span>
     <span class='ocr_line' id='line_1_5' title="bbox 298 865 1534 965; baseline -0.002 -13"><span class='ocrx_word' id='word_1_33' title='bbox 298 886 436 952; x_wconf 77' lang='lat' dir='ltr'>citatio</span> <span class='ocrx_word' id='word_1_34' title='bbox 458 903 573 950; x_wconf 89' lang='lat' dir='ltr'>annum</span> <span class='ocrx_word' id='word_1_35' title='bbox 596 888 668 964; x_wconf 82' lang='lat'>232,</span> <span class='ocrx_word' id='word_1_36' title='bbox 695 887 790 965; x_wconf 87' lang='lat' dir='ltr'>atque</span> <span class='ocrx_word' id='word_1_37' title='bbox 813 883 852 948; x_wconf 90' lang='lat' dir='ltr'>ob</span> <span class='ocrx_word' id='word_1_38' title='bbox 874 865 937 950; x_wconf 84' lang='lat' dir='ltr'>¹hoe</span> <span class='ocrx_word' id='word_1_39' title='bbox 960 883 1064 965; x_wconf 87' lang='lat' dir='ltr'>ipsum</span> <span class='ocrx_word' id='word_1_40' title='bbox 1085 885 1132 948; x_wconf 91' lang='lat' dir='ltr'>tit.</span> <span class='ocrx_word' id='word_1_41' title='bbox 1158 885 1235 949; x_wconf 92' lang='lat' dir='ltr'>Phil.</span> <span class='ocrx_word' id='word_1_42' title='bbox 1261 885 1314 961; x_wconf 84' lang='lat' dir='ltr'>IV,</span> <span class='ocrx_word' id='word_1_43' title='bbox 1340 889 1409 961; x_wconf 84' lang='grc'>168,</span> <span class='ocrx_word' id='word_1_44' title='bbox 1437 890 1455 950; x_wconf 89' lang='lat'><strong>3</strong></span> <span class='ocrx_word' id='word_1_45' title='bbox 1479 904 1534 950; x_wconf 86' lang='lat' dir='ltr'>ca-</span> 
     </span>
     <span class='ocr_line' id='line_1_6' title="bbox 299 995 1532 1076; baseline -0.002 -14"><span class='ocrx_word' id='word_1_46' title='bbox 299 997 354 1062; x_wconf 87' lang='lat' dir='ltr'>dat</span> <span class='ocrx_word' id='word_1_47' title='bbox 376 1000 500 1076; x_wconf 79' lang='lat' dir='ltr'>oportet</span> <span class='ocrx_word' id='word_1_48' title='bbox 525 996 557 1060; x_wconf 90' lang='lat' dir='ltr'>in</span> <span class='ocrx_word' id='word_1_49' title='bbox 584 1015 612 1060; x_wconf 85' lang='lat' dir='ltr'>a.</span> <span class='ocrx_word' id='word_1_50' title='bbox 637 1000 708 1058; x_wconf 77' lang='lat'><strong>241.</strong></span> <span class='ocrx_word' id='word_1_51' title='bbox 730 1031 773 1040; x_wconf 92' lang='lat'><em>-</em></span> <span class='ocrx_word' id='word_1_52' title='bbox 798 995 941 1076; x_wconf 87' lang='lat' dir='ltr'>Denique</span> <span class='ocrx_word' id='word_1_53' title='bbox 970 1015 1087 1060; x_wconf 87' lang='lat' dir='ltr'>annum</span> <span class='ocrx_word' id='word_1_54' title='bbox 1122 995 1206 1061; x_wconf 92' lang='lat' dir='ltr'>tituli</span> <span class='ocrx_word' id='word_1_55' title='bbox 1229 996 1306 1060; x_wconf 91' lang='lat' dir='ltr'><strong>Phil.</strong></span> <span class='ocrx_word' id='word_1_56' title='bbox 1331 995 1384 1070; x_wconf 86' lang='lat' dir='ltr'>IV,</span> <span class='ocrx_word' id='word_1_57' title='bbox 1414 1001 1485 1071; x_wconf 83' lang='grc'>344,</span> <span class='ocrx_word' id='word_1_58' title='bbox 1508 1001 1532 1060; x_wconf 88' lang='grc'>4</span> 
     </span>
     <span class='ocr_line' id='line_1_7' title="bbox 298 1107 1531 1192; baseline -0.001 -20"><span class='ocrx_word' id='word_1_59' title='bbox 298 1127 356 1190; x_wconf 92' lang='lat' dir='ltr'>pro</span> <span class='ocrx_word' id='word_1_60' title='bbox 378 1113 463 1172; x_wconf 90' lang='lat' dir='ltr'>certo</span> <span class='ocrx_word' id='word_1_61' title='bbox 486 1112 625 1172; x_wconf 85' lang='lat' dir='ltr'>statuere</span> <span class='ocrx_word' id='word_1_62' title='bbox 646 1121 708 1172; x_wconf 88' lang='lat' dir='ltr'>non</span> <span class='ocrx_word' id='word_1_63' title='bbox 730 1126 876 1188; x_wconf 90' lang='lat' dir='ltr'>possum;</span> <span class='ocrx_word' id='word_1_64' title='bbox 904 1107 960 1172; x_wconf 87' lang='lat' dir='ltr'>sed</span> <span class='ocrx_word' id='word_1_65' title='bbox 984 1109 1189 1190; x_wconf 82' lang='lat' dir='ltr'>magistratus</span> <span class='ocrx_word' id='word_1_66' title='bbox 1212 1107 1266 1192; x_wconf 90' lang='lat' dir='ltr'>qui</span> <span class='ocrx_word' id='word_1_67' title='bbox 1288 1109 1320 1172; x_wconf 89' lang='lat' dir='ltr'>in</span> <span class='ocrx_word' id='word_1_68' title='bbox 1342 1107 1434 1173; x_wconf 89' lang='lat' dir='ltr'>titulo</span> <span class='ocrx_word' id='word_1_69' title='bbox 1458 1125 1531 1172; x_wconf 86' lang='lat' dir='ltr'>con·</span> 
     </span>
     <span class='ocr_line' id='line_1_8' title="bbox 298 1217 1530 1294; baseline 0 -10"><span class='ocrx_word' id='word_1_70' title='bbox 298 1224 511 1284; x_wconf 89' lang='lat' dir='ltr'>memorantur</span> <span class='ocrx_word' id='word_1_71' title='bbox 538 1219 650 1284; x_wconf 86' lang='lat' dir='ltr'>docent</span> <span class='ocrx_word' id='word_1_72' title='bbox 666 1221 736 1284; x_wconf 88' lang='lat' dir='ltr'>&#39;non</span> <span class='ocrx_word' id='word_1_73' title='bbox 766 1218 899 1284; x_wconf 88' lang='lat' dir='ltr'>multum</span> <span class='ocrx_word' id='word_1_74' title='bbox 930 1238 1001 1283; x_wconf 89' lang='lat' dir='ltr'>eum</span> <span class='ocrx_word' id='word_1_75' title='bbox 1036 1221 1147 1285; x_wconf 83' lang='lat' dir='ltr'>abesse</span> <span class='ocrx_word' id='word_1_76' title='bbox 1178 1239 1197 1284; x_wconf 92' lang='lat' dir='ltr'>a</span> <span class='ocrx_word' id='word_1_77' title='bbox 1231 1219 1331 1284; x_wconf 87' lang='lat' dir='ltr'>titulis</span> <span class='ocrx_word' id='word_1_78' title='bbox 1360 1219 1439 1282; x_wconf 89' lang='lat' dir='ltr'><strong>Phil.</strong></span> <span class='ocrx_word' id='word_1_79' title='bbox 1471 1217 1530 1294; x_wconf 89' lang='lat' dir='ltr'>IV,</span> 
     </span>
     <span class='ocr_line' id='line_1_9' title="bbox 301 1331 657 1412; baseline -0.006 -16"><span class='ocrx_word' id='word_1_80' title='bbox 301 1335 370 1412; x_wconf 81' lang='lat' dir='ltr'>ios,</span> <span class='ocrx_word' id='word_1_81' title='bbox 394 1337 422 1398; x_wconf 82' lang='lat' dir='ltr'>a.</span> <span class='ocrx_word' id='word_1_82' title='bbox 458 1331 511 1412; x_wconf 83' lang='lat' dir='ltr'>lv,</span> <span class='ocrx_word' id='word_1_83' title='bbox 536 1336 607 1412; x_wconf 84' lang='lat'>559,</span> <span class='ocrx_word' id='word_1_84' title='bbox 631 1337 657 1395; x_wconf 92' lang='lat'>1.</span> 
     </span>
    </p>

    <p class='ocr_par' dir='ltr' id='par_1_4' title="bbox 300 1441 1528 1638">
     <span class='ocr_line' id='line_1_10' title="bbox 384 1441 1528 1523; baseline -0.001 -16"><span class='ocrx_word' id='word_1_85' title='bbox 384 1442 532 1508; x_wconf 87' lang='lat' dir='ltr'>Ceterum</span> <span class='ocrx_word' id='word_1_86' title='bbox 559 1443 581 1506; x_wconf 95' lang='lat' dir='ltr'>ii</span> <span class='ocrx_word' id='word_1_87' title='bbox 609 1443 648 1508; x_wconf 88' lang='lat' dir='ltr'>de</span> <span class='ocrx_word' id='word_1_88' title='bbox 676 1441 790 1523; x_wconf 89' lang='lat' dir='ltr'>quibus</span> <span class='ocrx_word' id='word_1_89' title='bbox 817 1443 909 1509; x_wconf 89' lang='lat' dir='ltr'>modo</span> <span class='ocrx_word' id='word_1_90' title='bbox 940 1443 1003 1508; x_wconf 87' lang='lat' dir='ltr'>dixi</span> <span class='ocrx_word' id='word_1_91' title='bbox 1029 1443 1114 1509; x_wconf 90' lang='lat' dir='ltr'>tituli</span> <span class='ocrx_word' id='word_1_92' title='bbox 1144 1448 1218 1508; x_wconf 87' lang='lat' dir='ltr'>sunt</span> <span class='ocrx_word' id='word_1_93' title='bbox 1251 1443 1388 1509; x_wconf 92' lang='lat' dir='ltr'>omnium</span> <span class='ocrx_word' id='word_1_94' title='bbox 1421 1461 1528 1508; x_wconf 85' lang='lat' dir='ltr'>recen-</span> 
     </span>
     <span class='ocr_line' id='line_1_11' title="bbox 300 1553 1020 1638; baseline 0 -18"><span class='ocrx_word' id='word_1_95' title='bbox 300 1554 411 1620; x_wconf 85' lang='lat' dir='ltr'>tissimi</span> <span class='ocrx_word' id='word_1_96' title='bbox 432 1555 464 1619; x_wconf 89' lang='lat' dir='ltr'>in</span> <span class='ocrx_word' id='word_1_97' title='bbox 488 1555 601 1638; x_wconf 91' lang='lat' dir='ltr'>quihus</span> <span class='ocrx_word' id='word_1_98' title='bbox 623 1557 740 1620; x_wconf 88' lang='lat' dir='ltr'>mentio</span> <span class='ocrx_word' id='word_1_99' title='bbox 761 1553 798 1620; x_wconf 93' lang='lat' dir='ltr'>fit</span> <span class='ocrx_word' id='word_1_100' title='bbox 820 1556 1020 1638; x_wconf 85' lang='lat' dir='ltr'>epheborum.</span> 
     </span>
    </p>
   </div>
   <div class='ocr_carea' id='block_1_4' title="bbox 0 0 1722 5326">
    <p class='ocr_par' dir='ltr' id='par_1_5' title="bbox 0 0 1722 5326">
     <span class='ocr_line' id='line_1_12' title="bbox 0 0 1722 5326; baseline 0 0"><span class='ocrx_word' id='word_1_101' title='bbox 0 0 1722 5326; x_wconf 95' lang='lat' dir='ltr'> </span> 
     </span>
    </p>
   </div>
  </div>
 </body>
</html>
