3436 5326
672 395 907 464 -131-

177 577 261 663 quod
283 577 316 645 in
340 577 504 646 Salamine
526 581 634 649 insuda
656 605 685 646 a.
707 583 795 649 1830
818 585 976 665 repertum
999 593 1068 650 esse
1090 579 1245 667 adfirmat,
1267 587 1300 652 at
1321 580 1406 665 quod

82 777 84 782 Ι
177 691 269 773 plane
298 692 381 760 idem
411 712 481 760 esse
513 699 608 778 atque
638 696 714 763 illud
746 695 879 763 alterum
910 697 972 779 (uo,
1001 697 1075 779 241)
1105 715 1167 762 non
1196 694 1403 780 adgnoveratl
1507 785 1511 792 '

177 802 222 868 Ut
243 807 350 869 autam
373 805 438 870 suis
461 805 593 888 quisque
616 807 715 874 oculis
743 807 843 891 possit
873 827 1000 876 cernere
1029 827 1090 876 non
1120 807 1234 874 similia
1261 808 1344 874 inter
1371 825 1405 874 se

177 913 331 980 essedae
355 914 545 1000 fragmenta,
574 938 682 986 verum
711 937 808 986 unum
837 919 997 1002 idemque,
1026 918 1086 986 hoa
1112 938 1237 1005 quoque
1263 920 1325 988 hue
1354 920 1405 986 de·

176 1028 327 1106 scribam,
355 1027 585 1114 qualePittak.
608 1030 741 1112 exhibet,

438 1249 1147 1330 ΑΡΧΟΝΤΟΣΞΤΡΑΤΗΓΟΥΝ

435 1377 622 1451 ΚΑΛΛΙ
643 1383 984 1457 ΚΡΑΤΟΥΣΣΑ

382 1506 903 1586 ΑξΙΑΡΧΟΥΝΤΟξΜ

397 1633 613 1708 isidor

434 1764 867 1842 ΕΚΕΚΡΟΠΙΔΟΣ

474 1895 783 1969 ΜΕΛΙΤΕΥΣ

476 2024 726 2097 ΑΝΔΡΟΕ

559 2155 744 2227 ΤΙΚΟΥ

597 2283 705 2354 ert<

262 2545 455 2613 Litterarum
478 2546 591 2612 duetus
614 2563 633 2611 a
655 2563 704 2612 no.
717 2549 775 2610 241
794 2544 936 2611 diversus
952 2560 1022 2612 esse
1043 2543 1177 2613 videtur.
1218 2544 1255 2613 In
1275 2566 1324 2615 no.
1342 2551 1401 2614 241

174 2645 1200 2742 111εεΣ,Α,Π,1,Δ,Λ;111ιε,Α,Γ’,Ρ,Δ,Λ.
1244 2661 1405 2727 rarita-

174 2772 288 2844 kisium
309 2773 341 2838 in
363 2771 449 2837 hisee
470 2769 565 2836 rebus
587 2789 699 2853 parum
722 2771 871 2838 adcurate
895 2789 990 2854 agere
1011 2769 1089 2838 satis
1112 2777 1161 2839 est
1183 2777 1301 2840 notum.
1340 2772 1404 2838 Ita·

173 2904 235 2968 que
256 2884 315 2951 hoc
337 2883 462 2968 quidem
484 2883 561 2949 nihil
583 2888 631 2948 est
661 2883 818 2951 momenti.
864 2883 924 2949 Est
950 2889 1056 2950 autem
1084 2882 1170 2950 aliud
1200 2885 1282 2965 quod
1313 2884 1404 2950 mire·

172 3013 243 3061 mur
265 2995 315 3062 vel
337 2995 419 3078 quod
441 2994 542 3078 possit
568 2992 734 3060 offendere.
780 2992 839 3072 Qui
866 2993 994 3061 tandem
1023 2993 1092 3059 fieri
1120 2998 1226 3076 potest
1253 2999 1290 3060 ut
1322 3013 1404 3060 unus

172 3104 317 3188 idemque
337 3104 449 3172 titulus
472 3104 657 3185 etAtlnenia
680 3129 710 3172 α.
729 3107 815 3172 1839
838 3109 871 3172 et
894 3105 928 3168 in
950 3103 1114 3170 Salamine
1137 3103 1245 3168 ansula
1268 3105 1403 3170 a.1830

172 3217 214 3281 sit
235 3216 390 3298 inventus,
412 3216 439 3282 si
462 3217 588 3300 quidem
610 3218 706 3284 semel
728 3219 845 3301 reperti
867 3217 951 3302 tituli
968 3217 1100 3284 Athenis
1123 3216 1312 3283 servantur?
1340 3215 1402 3281 Ne-

172 3345 234 3410 que
256 3332 361 3392 tamen
384 3345 462 3410 opus
484 3333 533 3394 est
547 3328 722 3409 Apollinem
745 3329 916 3411 consulere,
945 3329 1112 3395 dummodo
1132 3327 1310 3394 memineris
1325 3325 1403 3392 talia

172 3444 205 3504 et
226 3437 349 3518 similia,
370 3456 492 3504 summa
514 3457 551 3504 ex
571 3440 692 3505 incuria
715 3445 794 3517 orta,
817 3439 981 3506 Pittakisio
997 3445 1062 3505 tam
1080 3458 1174 3522 saepe
1190 3437 1342 3504 accidisse
1366 3441 1403 3502 ut

175 3547 225 3613 vel
249 3548 411 3614 extiterint
433 3549 486 3632 qui
509 3549 671 3615 falsarium
694 3569 765 3617 eum
787 3549 1016 3617 iudicave1·int.¹
1058 3551 1101 3615 At
1122 3550 1204 3614 iuste
1225 3548 1260 3613 C.
1283 3547 1403 3613 Keilius

173 3658 218 3747 (in
249 3659 331 3726 Mus.
361 3660 461 3726 Rhen.
482 3661 575 3728 XVII
602 3679 674 3745 pag.
699 3658 753 3746 69)
782 3661 877 3726 huius
908 3679 982 3726 eum
1011 3659 1145 3726 absolvit
1173 3658 1309 3724 criminis
1332 3675 1403 3724 cum

173 3771 264 3838 dicit:
290 3771 355 3836 »Im
375 3769 503 3838 Gannen
527 3773 603 3839 uird
625 3792 697 3840 man
720 3773 809 3839 mehr
830 3773 909 3839 iiber
929 3770 1191 3857 Unqenauz'qlreit
1213 3767 1403 3833 namentla'ct

173 3879 253 3944 nacla
277 3882 311 3945 ia
333 3881 465 3969 Anqade
488 3881 545 3948 der
566 3881 745 3965 Fundorte,
774 3885 839 3950 und
860 3885 941 3950 iiber
962 3883 1227 3966 Interpolationen
1250 3881 1297 3947 als
1325 3881 1404 3946 llber

172 3993 259 4060 reine
281 3993 442 4078 Dichtuug
464 4015 504 4062 zu
527 3993 640 4078 klageu
662 3995 794 4062 haben«
820 3994 947 4061 -Sed
976 4011 1037 4076 quo
1068 3993 1159 4060 modo
1190 4010 1322 4074 cumque
1350 3992 1404 4058 illa

173 4123 225 4171 res
248 4103 410 4188 sehabet,
433 4125 484 4173 no.
501 4111 561 4172 241
587 4113 619 4174 et
641 4114 792 4175 n0.1850
815 4126 913 4174 unum
934 4108 1080 4189 idemque
1101 4106 1312 4188 fragmentum
1334 4121 1403 4171 esse

174 4236 265 4283 nemo
286 4237 349 4285 nou
373 4217 544 4301 intellegit,
571 4237 674 4304 neque
695 4221 802 4286 multis
824 4221 857 4286 id
879 4220 1095 4287 demonstrare
1117 4236 1231 4302 operae
1260 4222 1309 4282 est
1334 4235 1405 4299 pre-

172 4331 261 4398 tium.
307 4330 442 4400 Videtur
463 4337 568 4399 autem
591 4331 701 4414 fragm.
725 4331 784 4398 sub
808 4335 959 4398 n0.1850
981 4330 1087 4414 paullo
1114 4329 1226 4396 melius
1254 4345 1323 4395 esse
1351 4325 1404 4393 de·

243 4519 251 4553 ¹
271 4520 309 4574 Ol.
327 4519 443 4583 Bursian,
465 4520 558 4574 Geseh.
577 4521 601 4573 d.
619 4520 712 4588 grieeh.
730 4520 853 4573 Kllnstler
870 4521 890 4584 l,
909 4522 951 4576 97,
982 4518 1116 4587 (Stephani
1130 4515 1195 4571 Nor.
1209 4517 1277 4570 Mus.
1288 4516 1395 4570 Rhenes

173 4605 218 4670 IV,
238 4608 270 4668 5;
288 4606 434 4674 Rhaugabis
452 4607 540 4658 Rdvue
558 4606 625 4658 arch.
643 4606 676 4666 11,
695 4605 765 4673 425.)
1236 4687 1252 4723 ἢ

1219 4692 1234 4750 9
