3418 5340
791 381 1005 452 ...5οω

287 571 391 661 ginem
413 569 578 644 cniusdam
599 573 745 653 neminie,
767 572 882 642 sacello
904 573 1065 656 inclusam,
1088 571 1240 643 10101101.ι
1284 571 1396 656 Itaque
1424 591 1513 642 voca·

285 687 394 755 bulum
417 709 461 750 σε
467 685 656 773 βαστοφο
662 686 756 774 prad
776 685 816 752 de
839 686 961 752 aerario
984 703 1073 752 sacro
1087 686 1331 770 intellegendum
1346 704 1415 753 esse
1428 685 1513 752 uide-

247 869 250 873 ,
285 804 347 877 tur,
370 818 407 866 ex
422 817 484 883 quo
507 817 563 865 eae
584 815 665 880 quae
695 799 727 864 in
757 797 875 864 cultum
906 797 1104 880 imperatoris
1131 796 1249 865 fiebant
1275 798 1423 881 inpensae
1446 817 1513 864 ero-

284 913 450 995 gabantur.
491 911 559 978 lam
587 910 615 976 si
636 910 800 992 quaeritur
821 913 877 992 qui
898 907 976 974 illud
998 910 1154 976 aerarium
1175 907 1337 993 proprium
1368 929 1437 978 esse
1459 928 1512 994 po

284 1023 381 1089 tuerit
403 1021 543 1105 ephebici
564 1022 726 1105 gymnasii,
749 1021 839 1088 facile
866 1026 915 1088 est
937 1020 1105 1087 intellectu.
1150 1021 1214 1088 Fac
1243 1021 1326 1087 enim
1353 1020 1440 1088 illum
1463 1043 1511 1084 σε·

282 1132 489 1220 βαστοφόρον
502 1151 602 1214 usquc
614 1133 747 1200 electum
759 1151 828 1200 esse
844 1152 881 1199 ex
896 1131 1057 1216 ephebis‚²
1071 1151 1165 1215 porro
1179 1133 1359 1200 memineris
1374 1151 1511 1198 summas

290 1244 322 1310 in
338 1245 538 1323 sollennibus,
553 1245 586 1310 in
602 1244 826 1328 imperatorum
840 1243 991 1310 honorem
1007 1243 1169 1326 institutis,
1192 1243 1386 1310 celebrandis
1407 1249 1514 1326 partes
1628 1311 1630 1314 ,

285 1375 408 1439 semper
430 1355 527 1423 fuisse
542 1356 752 1439 epheborum:
765 1374 868 1422 nonne
890 1359 957 1421 toto
972 1372 1023 1421 res
1038 1353 1075 1418 fit
1089 1354 1281 1438 perspicua?
1317 1354 1381 1420 Sed
1403 1353 1513 1438 quaeri

285 1473 392 1550 potest
413 1487 451 1534 ex
473 1485 535 1549 quo
558 1472 699 1550 tempore
721 1467 799 1532 illud
821 1467 978 1534 aerarium
1000 1465 1154 1548 originem
1169 1483 1259 1531 suam
1275 1464 1408 1532 duxerit.
1445 1465 1513 1532 Sui·

286 1577 344 1644 dae
366 1579 469 1646 verbis
492 1597 555 1644 non
578 1579 719 1662 cogimur
741 1579 780 1646 de
802 1579 945 1660 Augusto
968 1577 1157 1660 imperatore
1179 1576 1334 1658 cogitare,
1362 1577 1418 1644 sed
1439 1576 1513 1643 11001

286 1689 325 1756 de
347 1689 457 1772 quovis
480 1690 541 1756 alio
563 1688 751 1772 imperatore
773 1687 963 1772 intellegere.
1001 1687 1101 1754 Immo
1124 1692 1268 1754 vetamur
1295 1688 1335 1754 ab
1358 1688 1426 1772 ipso
1448 1688 1513 1754 Au·

288 1807 383 1884 gusto
406 1801 595 1884 imperatore
628 1800 780 1884 originem
802 1805 958 1882 repetere,
986 1799 1071 1881 quod
1093 1798 1131 1861 τὰ
1152 1796 1305 1881 Σεβαστά
1331 1799 1380 1866 vel
1408 1797 1514 1862 01Σο-

287 1911 401 1995 ductui
422 1911 551 1994 ἀγῶνες,
573 1911 593 1978 i.
617 1930 644 1978 0.
668 1909 735 1976 ludi
749 1910 950 1993 Augustales,
971 1907 1095 1975 Olaudii
1117 1909 1242 1976 demum
1264 1915 1404 1994 tempore
1425 1911 1514 1978 insti-

287 2027 358 2090 tuta
370 2041 438 2114 esse
450 2021 606 2090 uidentur.
637 2022 675 2088 ln
686 2021 777 2088 titulo
790 2021 873 2087 enim
884 2020 969 2104 apud
980 2021 1070 2087 Roas.
1087 2020 1126 2086 de
1141 2021 1220 2089 dern.
1235 2041 1308 2105 pag.
1321 2027 1361 2088 87
1377 2028 1515 2100 110141,

288 2132 410 2200 Claudii
431 2138 535 2200 aetate
565 2137 708 2214 exarato,
735 2150 780 2198 VS.
810 2136 830 2196 4
857 2131 989 2214 legimus
1018 2130 1218 2215 ἀγωνοθέτου
1253 2158 1276 2198 π
1282 2135 1417 2222 Ινώτου
1452 2140 1514 2198 τῶν

287 2243 462 2328 Σεβαστῶν
486 2243 627 2327 ἀγώνων.
673 2244 717 2310 Ε1
744 2261 820 2310 sane
848 2247 942 2310 antea
970 2243 1080 2326 nullis,
1107 2247 1324 2331 quodecim,
1353 2247 1386 2314 in
1412 2247 1514 2314 titulis

188 2347 189 2350 '
285 2357 353 2424 ludi
364 2355 554 2439 Augustales
576 2357 863 2434 conmemorantnr3
880 2353 1001 2420 accedit
1015 2355 1100 2436 quod
1114 2375 1154 2421 ne
1168 2358 1200 2424 in
1216 2359 1372 2442 ephebicis
1388 2359 1515 2443 quidem

287 2468 387 2533 titulis
409 2466 562 2534 sollennia
589 2467 622 2532 in
649 2466 875 2548 imperatorum
904 2465 1023 2532 cultum
1050 2465 1208 2536 celebrata
1238 2475 1406 2537 occurrunt
1433 2489 1514 2553 quae

288 2586 381 2648 ante
403 2578 614 2645 Claudium
636 2578 701 2644 sint
722 2576 877 2644 instituta.
922 2578 1070 2645 Omnium
1098 2580 1312 2646 vetustissima
1340 2585 1415 2646 sunt
1436 2578 1514 2666 Pep-

284 2692 432 2779 μανίκεια,
454 2690 487 2757 in
509 2689 607 2773 ipsius
629 2687 752 2756 Claudii
773 2689 923 2756 honorem
951 2691 1108 2756 celebrata
1140 2689 1192 2772 (01.
1223 2710 1305 2774 quae
1333 2692 1374 2757 ad
1403 2709 1449 2758 vs.
1473 2697 1514 2758 39

287 2802 488 2886 adferemus).
532 2801 689 2885 Perquam
717 2799 815 2883 igitur
843 2804 892 2866 est
912 2801 1075 2883 probabile
1102 2799 1260 2866 aerarium
1289 2801 1366 2867 illud
1393 2802 1432 2868 ab
1455 2803 1514 2870 hoc

287 2915 337 2981 vel
357 2914 417 2981 sub
438 2913 498 2980 hoc
519 2912 708 2998 imperatore
730 2930 800 2978 esse
822 2917 972 2980 creatum.
1017 2913 1123 2994 Atque
1146 2912 1224 2979 adeo
1255 2917 1376 2978 certum
1397 2931 1514 2980 annum

288 3031 429 3094 statuere
449 3025 532 3106 licet,
556 3025 584 3090 si
606 3023 732 3106 quidem
753 3021 1021 3110 Σεβαστοφορικά
1041 3023 1150 3092 eodem
1172 3043 1254 3090 anno
1277 3043 1338 3108 quo
1365 3025 1434 3108 ipsa
1455 3023 1513 3088 Σε-

286 3137 395 3220 βαστά
414 3135 560 3201 instituta
581 3139 663 3200 sunt.
700 3133 824 3201 Scilicet
845 3133 878 3199 in
894 3134 1047 3201 Rossiano
1069 3134 1123 3201 1110
1146 3135 1238 3202 titulo
1262 3141 1514 3202 conmemoratur

288 3245 399 3318 1110111ος
414 3243 550 3310 Φιλεὶνον
573 3243 610 3318 ἐξ
633 3243 703 3308 Oion
730 3245 906 3332 στρατηγὸς
933 3242 982 3309 ἐπὶ
1011 3245 1084 3316 τοὺς
1112 3244 1268 3321 harleianam
1298 3247 1380 3312 idem
1409 3247 1512 3312 111111.

284 3355 353 3444 Ἐφ.
377 3357 447 3447 ἀρχ.
472 3360 555 3424 3724
577 3357 753 3443 στρατῃγὸς
774 3353 823 3419 ἐπὶ
839 3355 911 3426 τοὺς
928 3349 996 3422 dul.
1020 3361 1070 3423 esi
1093 3357 1127 3420 τὸ
1149 3354 1181 3420 b'
1203 3358 1223 3423 i.
1239 3377 1265 3424 e.
1289 3363 1437 3438 quartum
1459 3376 1514 3424 an·

287 3487 372 3546 num,
396 3468 483 3534 01111
506 3465 637 3550 111111,
660 3471 721 3532 332
745 3467 920 3555 στρατηγὸς
941 3465 989 3532 ἐπὶ
1012 3491 1037 3534 τ.
1061 3464 1127 3534 dul.
1150 3473 1199 3534 est
1224 3469 1264 3531 τὸ
1287 3466 1414 3552 ὄγδοον.
1458 3469 1514 3534 At-

288 3581 342 3664 qui
362 3581 538 3649 Philistoris
560 3581 605 3649 111.
628 3583 738 3663 utpote
759 3579 792 3646 in
815 3598 877 3662 quo
900 3579 1017 3647 archon
1039 3579 1219 3666 θράσυλλος
1239 3579 1423 3648 exhibeatur
1436 3580 1513 3646 inei-

288 3692 336 3758 dit
355 3692 388 3758 in
409 3709 438 3758 a.
461 3695 498 3756 61
523 3709 553 3773 p.
576 3689 648 3756 Chr.
671 3688 721 3772 (oi.
744 3689 884 3772 Phlegon
906 3690 1001 3756 Trall.
1025 3691 1064 3757 de
1085 3690 1156 3758 mir.
1179 3711 1204 3758 o.
1231 3692 1295 3770 20).
1340 3691 1408 3770 Quo
1431 3709 1513 3757 anno

289 3820 385 3886 quum
406 3802 526 3869 Novius
548 3801 602 3868 ille
623 3804 768 3868 ocuvum
791 3819 907 3868 annum
930 3801 1107 3890 στρατηγὸς
1127 3801 1176 3866 ἐπὶ
1197 3801 1270 3874 τοὺς
1284 3795 1428 3873 ὁπλείτας
1442 3821 1515 3869 oon·

287 3917 407 3996 pareat,
429 3911 571 3994 efficitur,
593 3911 621 3979 si
643 3912 769 3996 quidem
789 3931 847 3994 per
868 3916 940 3980 octo
962 3913 1153 3994 deinceps
1175 3931 1273 3980 annos
1295 3914 1378 3980 idem
1398 3932 1512 3981 munus

288 4042 361 4089 eum
382 4023 554 4090 obtinuisse
575 4023 650 4090 licet
671 4021 828 4104 colligere,
850 4027 887 4090 01
908 4024 1081 4090 Rossianus
1103 4023 1231 4106 titulus,
1253 4025 1286 4091 in
1308 4043 1369 4106 quo
1391 4025 1511 4092 Novius

191 4145 193 4149 ·
288 4153 385 4218 quum
407 4139 483 4201 nota
504 4135 577 4202 anni
598 4154 661 4202 non
675 4133 783 4200 addita
796 4138 926 4201 vocetur
941 4135 1123 4219 simpliciter
1139 4136 1314 4224 στρατηγὸς
1328 4135 1376 4200 ἐπὶ
1390 4160 1416 4202 τ.
1433 4133 1512 4215 ὁπλ.,

358 4305 368 4338 ¹
386 4305 424 4358 cl.
441 4304 549 4358 Wessel.
566 4304 642 4359 Diod.
662 4308 686 4368 1,
698 4306 746 4365 293
765 4303 845 4356 clem.
864 4305 906 4356 Al.
924 4305 998 4372 paeri.
1017 4306 1043 4369 3,
1061 4307 1085 4360 2.
1102 4323 1128 4374 11.
1142 4306 1240 4363 alac.
1254 4336 1285 4347 -
1299 4307 1420 4361 Similiter
1436 4311 1511 4362 etiam

250 4435 253 4441 .
289 4391 378 4444 dicitur
395 4391 433 4460 (Ο.
451 4393 471 4443 1.
492 4410 518 4444 n.
541 4392 590 4446 481
615 4407 673 4459 pag.
696 4390 759 4456 470)
783 4388 939 4459 ἁγιοφόρος,
965 4391 1033 4459 quod
1056 4392 1124 4446 idem
1150 4392 1294 4461 significare
1315 4394 1414 4447 ridetur
1435 4403 1512 4463 atque

289 4473 440 4547 ἱεραφόρος
456 4476 504 4544 (cf.
522 4477 610 4529 Franz.
628 4476 754 4532 e.1.111.
773 4495 799 4545 p.
817 4477 918 4544 3051)).
937 4505 969 4517 -

357 4581 368 4612 ²
385 4579 481 4636 Eodem
499 4579 573 4634 morlo
592 4577 685 4650 ἱερεὺς
700 4577 828 4634 Ἀντινόον
846 4599 947 4652 semper
964 4590 1004 4636 est
1021 4599 1052 4636 ex
1069 4581 1224 4651 epheborum
1241 4599 1352 4639 numero.
1372 4611 1403 4623 -
