3436 5326
683 449 896 511 -97-

173 627 279 712 Atque
300 628 391 710 hunc,
414 647 485 696 cnm
506 647 635 698 romana
658 631 785 699 civitate
807 633 941 700 donatus
964 638 1065 712 esset,
1087 653 1277 718 praenomen
1302 637 1404 706 Flavii

174 741 387 824 adsumpsisse
415 747 538 809 constat
560 761 598 809 ex
618 741 688 810 Dio.
713 742 800 811 Cass.
832 749 886 828 69,
917 749 965 816 15.
1015 746 1059 812 At
1087 745 1146 815 fuit
1174 745 1225 816 hio
1252 747 1406 836 Bithynus

174 853 376 921 Nicomediae
409 859 506 922 ortus.
559 855 650 924 Sane.
704 855 766 923 Sed
799 857 967 942 idipsum
995 863 1288 945 —praeterquam
1321 862 1406 946 quod

173 965 308 1030 multum
331 965 362 1032 in
386 965 518 1033 Graecia
540 986 611 1034 cum
634 974 793 1035 versatum
818 988 887 1036 csse
903 975 1087 1055 conpertum
1101 971 1254 1040 habemus
1271 1007 1311 1020 —
1328 973 1406 1042 adeo

172 1093 236 1142 non
265 1075 408 1160 infringit
437 1079 625 1146 sententiam
648 1084 787 1150 nostram
815 1086 853 1148 ut
873 1082 1007 1150 maxime
1029 1083 1207 1168 conprobat.
1251 1084 1407 1150 Nimirum

172 1187 226 1268 qui
253 1189 343 1255 iuxta
370 1190 453 1256 huno
483 1192 665 1260 archontem
693 1194 726 1259 in
754 1192 847 1260 titulo
876 1183 1057 1263 recensetur
1079 1199 1217 1263 cosmeta
1235 1190 1404 1286 Ἀθήναιος

172 1303 205 1366 et
227 1300 294 1383 ipse
315 1301 348 1366 in
369 1299 520 1386 Bithynia
541 1308 630 1370 ortus
653 1322 722 1372 esse
744 1305 878 1373 videtur.
925 1305 1050 1374 Scilicet
1071 1307 1104 1374 in
1126 1307 1174 1374 tit.
1200 1305 1263 1372 Φιλ.
1280 1307 1334 1390 IV,
1352 1311 1403 1385 85,

171 1417 203 1489 4,
226 1413 281 1494 qui
302 1413 412 1480 eodem
435 1433 516 1482 anno
540 1421 599 1494 (va.
626 1421 764 1482 11-12:
795 1416 843 1482 ἐπὶ
866 1417 1069 1506 παιδοτρίβου
1100 1419 1135 1483 τὸ
1165 1417 1295 1484 δέκατον
1312 1413 1407 1503 Ἀβα-

176 1526 323 1611 οκάντοο)
345 1531 394 1593 est
415 1531 578 1610 exaratus,
606 1528 689 1596 idem
716 1529 799 1596 redit
826 1536 964 1598 cosmeta
991 1525 1158 1620 Ἀθήναιος
1187 1525 1406 1618 (Ἀλεξάνδρου

170 1638 387 1724 Ῥαμνούσιος)
409 1638 497 1706 hisce
521 1645 651 1708 ornatus
673 1641 849 1709 vocabulis:
874 1640 1027 1731 ἱεμονίκφς
1048 1644 1096 1707 καὶ
1122 1643 1349 1732 ξοστοίμχης
1370 1639 1406 1706 ἐν

171 1748 365 1838 Βειθονίᾳ
394 1750 459 1815 διὰ
488 1749 588 1835 βίου.
633 1752 708 1819 Fuit
728 1752 863 1820 fortasse
885 1757 973 1820 ortus
1002 1753 1034 1820 in
1063 1753 1172 1822 eadem
1200 1754 1278 1823 mbo
1300 1753 1406 1837 Bithy·

170 1863 251 1940 niae,
275 1863 488 1941 Nicomediae,
510 1864 542 1929 in
564 1881 628 1945 qua
643 1864 805 1942 Arrianus,
830 1885 963 1950 quocum
987 1863 1151 1933 adfinitate
1172 1869 1229 1933 aut
1249 1863 1409 1934 familiari·

169 1977 237 2040 tato
267 1975 451 2042 coniunctus
479 1973 584 2042 fuerit.
631 1975 688 2043 Illo
717 1981 824 2045 autern
854 1983 994 2062 tempora
1022 1977 1194 2062 permultos
1222 1978 1405 2061 peregrinos

170 2083 395 2154 Atheniensem
418 2086 576 2154 civitatem
599 2093 655 2154 aut
678 2089 759 2156 dono
793 2090 951 2173 accepisse
977 2094 1034 2156 aut
1060 2089 1162 2172 pretio
1189 2089 1249 2157 sibi
1276 2108 1407 2173 parasse

170 2199 338 2266 admodum
361 2204 412 2268 est
432 2199 575 2267 notum.²
618 2201 686 2268 Hoc
707 2202 804 2284 igitur
826 2202 903 2267 nihil
926 2200 1064 2268 offendit.
1109 2199 1213 2284 Atque
1235 2199 1313 2266 mihi
1335 2201 1402 2285 qui·

170 2313 242 2379 dem
263 2331 408 2396 magnam
429 2312 496 2379 ueri
518 2313 732 2379 similitudinis
755 2313 890 2396 speciem
914 2312 1070 2379 sententia
1092 2311 1146 2378 illa
1166 2331 1243 2395 prae
1265 2331 1299 2380 sa
1319 2311 1402 2380 ferre

116 2497 134 2512 ,
169 2424 304 2490 videtur.
350 2425 469 2504 Quodsi
499 2430 584 2492 recte
613 2425 782 2492 statuimus
804 2425 990 2508 scriptorem
1011 2424 1057 2489 Fl.
1084 2423 1250 2490 Arrianum
1271 2441 1334 2490 non
1357 2425 1403 2490 di·

168 2555 296 2603 uersum
323 2555 392 2604 csse
421 2538 460 2604 ab
498 2538 551 2602 illo
574 2537 723 2605 archonte
751 2537 824 2603 anni
856 2539 917 2600 147
934 2560 969 2622 p.
994 2533 1068 2600 Chr.
1096 2553 1198 2619 nequo
1221 2535 1261 2602 ab
1289 2552 1326 2602 eo
1351 2534 1406 2617 qui

167 2648 202 2713 in
231 2648 265 2714 Ο.
289 2648 313 2716 Ι.
339 2653 398 2714 193
429 2649 512 2714 inter
534 2649 868 2732 prytanea-invenitur
897 2666 980 2715 anno
1004 2648 1061 2711 171
1093 2646 1145 2726 (cf.
1175 2664 1246 2730 pag.
1271 2651 1342 2730 25),
1367 2645 1405 2713 fit

168 2759 236 2826 veri
251 2759 352 2826 simile
375 2779 432 2842 per
453 2760 589 2826 multum
614 2763 739 2843 tempus
762 2758 894 2826 Athenis
917 2778 988 2825 eum
1010 2764 1170 2826 versatum
1193 2776 1262 2826 esse
1284 2763 1317 2826 et
1337 2762 1406 2825 tum

168 2870 304 2938 fortasse
326 2871 475 2954 temporis
498 2871 663 2938 historiam
686 2870 857 2938 Alexandri
880 2869 1109 2953 conscripsisse.

262 2981 314 3050 Vs.
339 2986 426 3048 4-5
459 2983 585 3051 heroico
617 2988 718 3050 metro
752 2983 930 3066 conpositos
963 2979 1059 3050 luisse
1087 2985 1173 3049 recte
1197 2981 1261 3048 iam
1282 2981 1402 3049 Ditten·

169 3095 323 3178 hargerus
345 3095 418 3178 (1.1.
441 3114 512 3178 pag.
538 3100 576 3161 19
598 3101 664 3163 not.
687 3096 720 3180 8)
742 3095 895 3194 cognovit,
917 3094 1050 3175 ideoque
1071 3098 1144 3175 post
1166 3091 1318 3182 ἀνέθηκεν
1339 3111 1402 3160 non

167 3206 312 3276 lacunam
335 3225 418 3288 esse,
445 3208 477 3273 in
500 3227 563 3291 qua
585 3205 625 3271 ἐκ
647 3207 798 3291 scripturn
821 3205 932 3284 fuerit,
960 3211 1046 3274 recte
1067 3205 1151 3274 idem
1183 3205 1323 3290 censuit;
1352 3203 1402 3271 cui

168 3319 333 3402 displiceat
349 3317 433 3383 ἰδίων
448 3339 505 3403 pro
521 3339 610 3403 pron.
627 3319 804 3401 possessivo
821 3337 893 3384 eum
910 3317 1053 3385 conferre
1067 3317 1156 3384 iubet
1173 3315 1237 3383 Φιλ.
1254 3315 1271 3381 I
1291 3337 1322 3400 p.
1338 3319 1401 3383 428

168 3448 199 3496 n.
222 3436 241 3496 3
267 3449 313 3500 us.
337 3431 450 3498 atta
477 3450 522 3498 vs.
550 3437 598 3498 ll.
621 3467 664 3478 -
689 3433 785 3498 Errat
808 3437 915 3498 autem
939 3449 1010 3497 cum
1031 3428 1183 3499 vocabulo
1207 3426 1404 3516 πολέμαρχος

167 3561 282 3610 munus
305 3544 620 3627 systremmatarchae
641 3543 809 3628 significari
833 3543 910 3611 vult.
956 3544 1054 3609 Immo
1078 3541 1155 3608 nihil
1178 3539 1343 3624 significat,
1366 3545 1403 3606 ut

166 3654 213 3720 ita
240 3655 358 3737 dicam3
393 3661 441 3722 est
463 3657 544 3723 enim
580 3656 815 3746 »πολέμομχοςπ
851 3674 1025 3738 exgenere
1048 3671 1158 3720 eorum
1181 3651 1402 3736 ephebicorum

167 3767 392 3836 vocabulorum
421 3766 555 3856 (ἄρχων,
591 3767 779 3856 στρατηγός,
810 3767 901 3852 κτλ),
931 3767 970 3832 de
998 3765 1111 3850 quihus
1134 3782 1231 3846 supra
1257 3782 1327 3845 pag.
1352 3767 1401 3833 54.

169 3885 209 3947 55
241 3881 454 3948 disseruimus.
488 3919 530 3928 -
564 3881 652 3948 Idem
693 3881 891 3971 πολέμαρχος
917 3875 1156 3967 Ἀπολλοφάνης
1189 3875 1336 3959 deinceps
1369 3873 1402 3940 in

167 3993 278 4060 codem
300 3993 392 4060 titulo
414 3993 515 4074 primo
542 3993 610 4061 loco
640 3992 673 4059 in
704 3997 923 4076 systremmate
951 3996 1133 4059 recensetur
1159 3989 1251 4072 pleno
1274 3985 1400 4054 nomine

163 4099 401 4198 Ἀπολλοφάνης
422 4107 574 4197 Εὐφήμου
597 4105 764 4196 Σφήττιος.

254 4221 322 4287 Iam
343 4225 448 4304 potest
471 4220 679 4287 demonstrari
710 4221 751 4286 ad
782 4220 914 4287 eundem
945 4237 1060 4285 annum
1089 4220 1232 4300 spectare
1261 4215 1312 4282 tit.
1338 4211 1402 4281 Φιλ.

170 4331 224 4417 IV,
247 4355 278 4419 p.
303 4337 374 4418 344,
399 4339 427 4412 3,
450 4334 505 4417 qui
527 4332 718 4416 epheborum
743 4332 923 4415 catalogum
945 4331 1091 4399 continet.
1135 4329 1184 4396 Ibi
1205 4327 1287 4396 enim
1313 4344 1357 4394 vs.
1385 4330 1403 4391 5

171 4532 375 4544 ——--——

243 4654 343 4709 ¹11une
354 4656 548 4710 Atheniensium
566 4673 661 4709 morem
680 4655 807 4709 civitatem
826 4669 899 4706 suam
915 4651 996 4721 pretio
1014 4649 1138 4704 vendendi
1156 4647 1314 4701 Automedon
1332 4643 1404 4714 Cyzi·
1477 4670 1479 4674 ·

173 4759 250 4799 oenus
267 4743 382 4797 mordaci
400 4743 508 4796 carmine
526 4743 678 4812 perstrinxit.
698 4742 735 4794 cf.
754 4741 865 4794 Brunck.
885 4738 951 4792 anal.
970 4739 1057 4792 Graec.
1074 4736 1108 4802 11,
1126 4754 1151 4806 p.
1169 4736 1229 4795 208,
1248 4734 1293 4788 VI.
1310 4758 1344 4774 -

1182 4823 1198 4880 t
