3436 5326
808 334 1045 400 -124—

399 525 451 592 Va
470 526 551 588 1-3
573 523 692 607 explevi
715 541 773 606 ope
796 522 843 587 tit.
867 521 948 588 Phil.
971 521 1122 586 —Idem
1144 521 1261 588 archon
1283 525 1316 587 et
1337 521 1474 587 cosmeta
1497 519 1545 586 in·

308 638 476 706 veniuntur
498 637 592 703 etiam
614 636 645 700 in
662 635 792 718 Ephem.
816 634 900 700 arch.
920 653 970 700 no.
989 637 1081 715 3240,
1104 633 1159 699 ubi
1175 631 1404 699 restituendum
1421 637 1470 698 est
1484 633 1539 710 sic,

239 729 243 738 Ι
396 745 469 830 [Ἐπὶ
496 747 649 837 ἄρχοντος
672 743 825 828 &lapidoo
848 744 1047 828 Σωσιγένους
1075 743 1292 833 Πολ[ληνέως,
1325 742 1543 832 rocamador]

400 865 467 940 [τος
490 859 601 945 ἱερέως
621 859 796 943 βοο]τύποο
819 858 1032 945 Λακρατεὶὂοο
1055 857 1239 947 Εὐ[τνχι’δοο
1259 856 1440 947 Ἆζηνιέιος].

319 951 322 958 ’
397 972 476 1038 (lum
510 989 611 1054 neque
645 972 675 1036 in
709 976 818 1037 nostro
854 969 901 1053 (0.
931 971 956 1036 Ι.
987 970 1061 1053 285)
1095 989 1198 1053 neque
1230 971 1261 1036 in
1295 971 1417 1037 Philist.
1451 969 1543 1036 titulo

310 1085 377 1168 (IV,
402 1089 450 1165 76,
476 1083 508 1164 2)
532 1082 735 1165 paedotribae
758 1082 903 1162 perpetui
925 1082 1041 1147 mentio
1063 1080 1120 1146 fiat
1142 1101 1243 1165 neque
1271 1083 1397 1148 aliunde
1428 1083 1467 1148 de
1495 1100 1545 1148 ar-

314 1196 436 1261 chontis
474 1213 556 1260 anno
589 1193 760 1275 quidquam
792 1197 934 1274 constet,
969 1193 1155 1260 coniecturis
1189 1195 1341 1260 utendum
1376 1196 1445 1260 erit.
1485 1195 1543 1261 Ille

313 1307 368 1372 ol.
394 1305 575 1394 Σωσιγένης
596 1303 776 1392 Παλληνεύς
797 1306 880 1370 inter
895 1307 1031 1388 ephebos
1046 1313 1196 1390 conparet
1210 1309 1241 1373 in
1261 1306 1325 1372 dal.
1341 1309 1395 1389 IV,
1421 1313 1491 1384 168,
1516 1313 1544 1384 2,

310 1439 405 1502 quem
428 1420 553 1485 titulum
575 1419 646 1484 circ.
663 1437 690 1483 a.
707 1423 744 1482 17
749 1425 766 1482 5
783 1419 979 1500 conpositum
995 1437 1064 1484 esse
1079 1419 1146 1484 veri
1162 1419 1263 1484 simile
1279 1418 1367 1486 effeci
1382 1419 1465 1503 (pag.
1479 1421 1543 1502 35).

313 1535 412 1599 Porro
435 1537 541 1598 nostro
564 1531 596 1596 in
614 1531 662 1596 tit.
687 1549 732 1595 vs.
751 1536 787 1594 11
814 1535 846 1595 et
861 1529 981 1595 Philist.
1004 1531 1024 1596 l.
1048 1531 1068 1596 l.
1093 1550 1138 1596 vs.
1157 1536 1195 1595 39
1213 1528 1292 1617 (Col.
1307 1529 1336 1616 Ι)
1357 1532 1439 1598 inter
1454 1533 1544 1614 ephe·

313 1647 369 1712 bos
392 1629 440 1710 est
467 1641 664 1729 Τελέσφορος
686 1640 855 1730 Σωτηρίὸοι
876 1640 1106 1728 Προςπιὶλτιοςτ
1129 1642 1210 1708 idem
1233 1661 1307 1708 vcro
1330 1643 1362 1708 in
1386 1642 1420 1708 O.
1442 1645 1466 1708 l.
1483 1649 1544 1710 353

314 1761 465 1840 conparet
487 1757 569 1822 inter
590 1759 748 1838 prytaues,
777 1773 858 1821 anno
884 1760 943 1820 198
967 1773 1004 1819 ex
1026 1755 1175 1820 Boeekhii
1197 1756 1427 1836 conputatione.
1472 1756 1544 1834 Qui-

314 1869 373 1935 bus
395 1869 427 1934 in
449 1868 601 1933 rationem
624 1867 742 1932 voeatis
764 1885 949 1932 revocamur
970 1865 1036 1932 iere
1058 1867 1089 1931 in
1113 1886 1140 1932 a.
1166 1871 1347 1944 ish-190,
1376 1887 1438 1950 quo
1469 1871 1544 1933 tem-

313 1999 390 2064 pore
414 1978 578 2062 Sosigenes
601 1979 717 2045 archon
746 1977 841 2044 suerit
871 1983 903 2044 et
933 1978 981 2044 tit.
1006 1978 1039 2044 O.
1064 1980 1088 2044 Ι.
1114 1984 1195 2056 245,
1224 1979 1344 2044 Philist.
1368 1979 1422 2056 IV,
1446 1984 1503 2056 76,
1526 1985 1544 2044 2

193 2099 194 2102 ’
315 2093 433 2159 exarati
457 2093 534 2158 sint:
560 2091 644 2172 quod
666 2091 692 2156 si
714 2109 822 2158 verum
846 2090 896 2167 sit,
919 2096 1063 2173 spectant
1084 2091 1117 2156 hi
1139 2092 1187 2156 tit.
1212 2091 1250 2157 ad
1271 2092 1407 2172 Epicteti
1429 2092 1545 2174 paedo-

314 2206 416 2271 tribae
438 2203 580 2285 perpetui
605 2206 749 2268 aetatem.
795 2204 991 2285 Quamquam
1014 2223 1108 2287 quarn
1136 2204 1239 2270 intuta
1267 2203 1331 2269 sint
1359 2208 1545 2288 argumenta

316 2319 385 2400 ipse
406 2336 468 2382 non
490 2317 609 2398 ignoro.

405 2428 494 2494 Vel
517 2447 628 2495 nomen
648 2424 769 2498 Ἰούλιος
791 2427 1042 2517 Εὐδαιμόιληιος
1063 2429 1181 2496 frustra
1203 2429 1235 2494 in
1258 2429 1379 2495 Philist.
1403 2430 1546 2512 catalogo

313 2541 493 2624 quaeritur,
517 2559 553 2606 ac
575 2559 615 2605 ne
638 2539 738 2604 simile
761 2542 887 2624 quidem
909 2560 1021 2607 nomen
1044 2541 1088 2607 ibi
1109 2541 1276 2607 invenitur.
1323 2540 1386 2606 Sed
1408 2560 1479 2607 eum
1502 2541 1546 2608 ibi

315 2653 470 2735 quaedam
493 2652 618 2718 nomina
639 2652 793 2744 perierint
814 2659 870 2718 aut
891 2653 1014 2734 integra
1035 2659 1092 2718 aut
1114 2672 1151 2718 en
1173 2658 1273 2735 parte,
1295 2653 1327 2717 in
1343 2653 1452 2718 mutilo
1471 2671 1544 2734 quo·

314 2765 386 2829 dam
408 2763 520 2846 lapidis
542 2764 610 2830 loco
626 2763 777 2846 scriptum
793 2762 905 2846 fuerit3
928 2765 1061 2832 fortasse
1077 2785 1121 2832 vs.
1136 2771 1173 2830 ‘ll
1194 2765 1272 2846 (Col.
1290 2766 1346 2846 ΙΙ),
1369 2766 1423 2832 uhi
1439 2783 1546 2849 super·

313 2883 380 2942 est:
411 2875 442 2939 Γ
437 2883 504 2946 οιϊος
527 2873 649 2947 Ἰούλιος
677 2876 709 2940 Η
715 2875 740 2938 Λ
758 2923 885 2943 ......
895 2898 903 2958 ;
936 2878 969 2941 Η
975 2877 1000 2940 Λ
1029 2877 1090 2943 fuit
1118 2877 1252 2944 fortasse
1282 2877 1310 2939 Ε
1319 2874 1366 2940 lit
1389 2924 1545 2946 ......

313 2989 393 3054 Item
412 3005 472 3054 non
488 2988 572 3055 redit
586 2989 618 3053 in
633 2987 713 3054 Phil.
731 2988 874 3070 catalogo
889 2989 971 3054 alter
987 2989 1283 3072 systremmatareha
1293 2984 1414 3059 Ἰούλιος
1428 2987 1546 3076 Πῦρος.

313 3099 392 3166 Cum
416 3101 519 3166 neutri
543 3100 729 3166 demoticum
752 3101 794 3166 sit
816 3100 969 3182 additum,
991 3099 1109 3167 fuerint
1130 3101 1163 3166 hi
1186 3102 1248 3166 duo
1263 3101 1436 3184 peregrini3
1460 3103 1545 3185 quod

313 3230 443 3293 prorsus
476 3212 520 3276 sit
549 3211 722 3292 singulare:
756 3212 830 3278 alibi
859 3212 940 3278 enim
969 3213 1286 3296 systremmatarchae
1316 3232 1439 3296 semper
1472 3219 1547 3280 sunt

314 3323 425 3406 ephebi
447 3323 726 3389 Athenienses,

405 3434 454 3500 Vc.
474 3439 501 3500 7.
534 3424 691 3520 Ἕσπερος
712 3435 729 3496 ὁ
753 3436 800 3498 καὶ
817 3486 949 3504 ......
968 3437 1032 3507 ικὸς
1049 3433 1223 3507 Ἐλεούοιος
1243 3437 1275 3502 in
1298 3437 1376 3502 Phil.
1401 3438 1543 3520 catalogo

310 3567 412 3631 neque
434 3548 491 3614 sub
508 3547 756 3630 Hippothontide
777 3568 879 3632 neque
903 3549 961 3616 sub
977 3549 1171 3615 Hadrianide
1187 3549 1351 3616 invenitur.
1386 3550 1429 3614 At
1445 3569 1488 3615 vs.
1504 3555 1544 3616 58

312 3659 390 3742 (Col.
402 3659 430 3743 Ι)
447 3679 559 3726 nomen
576 3660 740 3726 evanuisse
757 3661 888 3726 videtur.
922 3661 1003 3740 Quin
1016 3661 1226 3728 Fourmontus
1242 3667 1327 3728 reete
1344 3662 1545 3743 descripserit

310 3789 373 3836 non
388 3772 513 3847 dubit03
536 3773 719 3839 nemetiam
737 3773 852 3839 Pittak.
869 3774 1015 3856 praebet:
1041 3780 1182 3855 ΕΠΟΙ
1196 3823 1396 3843 ............
1412 3781 1545 3858 fior:

310 3886 387 3953 iuud
410 3893 458 3954 est
482 3891 845 3988 Ε[(]ΠΕΡ[00],
876 3889 935 3955 hoc
958 3891 1379 3976 [EhlEOYllCOC.

404 4003 455 4068 Vr·
479 4006 511 4070 8.
556 4003 686 4069 Forum·
712 4009 1346 4108 ΕΥΠΛΟΥίλΑΧΑΡΝΕΥΕ,

559 4118 683 4186 Pc'rrah.
708 4123 1002 4207 ΕΥΠΑΕΥΕ)
1021 4128 1053 4201 Α
1172 4129 1213 4200 Π

396 4233 439 4299 At
460 4234 491 4299 in
513 4233 592 4300 Phil.
615 4235 756 4319 catalogo
780 4237 838 4303 sub
862 4237 999 4304 Oeneide
1027 4239 1113 4306 tribu
1140 4245 1267 4320 praeter
1286 4239 1421 4329 Βάκχιος
1438 4234 1542 4327 Ἀχαρ-

150 4353 183 4370 “
313 4345 385 4416 νεός
406 4347 484 4412 nulli
505 4353 710 4414 recensentur
729 4349 783 4432 qui
806 4350 993 4416 demoticum
1018 4346 1214 4440 νἰλχιιρνεύςι
1238 4352 1389 4428 habeant,
1413 4351 1471 4417 nisi
1494 4352 1544 4418 hi:

466 4477 512 4524 vd.
530 4464 569 4523 67
594 4459 672 4542 (Col.
689 4462 717 4542 l)
742 4511 749 4526 .
775 4513 781 4526 .
806 4513 812 4526 .
838 4511 845 4526 .
871 4511 877 4526 .
903 4510 910 4525 .
935 4464 1089 4550 νοιιριὶτης
1111 4460 1228 4533 Εὔνους
1246 4459 1372 4552 Ἀχαρ-

465 4588 510 4636 VS.
529 4574 569 4635 68
768 4617 904 4639 .....
929 4596 1005 4636 νων
1026 4573 1039 4654 J
1241 4570 1369 4662 'Apono-
