3436 5326
806 421 1042 492 -132-

310 611 478 699 scriptum3
507 611 639 697 praebet
660 611 742 680 enim
763 613 916 696 quasdam
937 611 1060 679 litteras
1083 612 1196 680 ceteris
1225 613 1370 695 insuper,
1400 633 1480 697 quas
1506 614 1539 682 in

309 735 358 792 no.
375 727 434 791 241
460 725 683 792 desideramus.
728 722 842 790 Cetera
864 725 968 792 omnia
991 723 1040 790 vel
1070 725 1203 791 maxime
1231 725 1263 790 in
1293 729 1428 809 utroque
1456 724 1540 808 frag-

309 837 405 904 menti
427 835 605 920 apographo
628 840 813 919 congruunt.
859 837 927 900 Iam
950 853 1023 901 vero
1047 840 1198 902 no.1850
1221 835 1290 902 ideo
1313 837 1426 902 summi
1447 837 1538 903 nobis

308 951 458 1014 momenti
480 954 529 1014 est
550 948 624 1031 quia
646 966 684 1012 ex
709 947 810 1030 primo
839 965 933 1014 versu
961 951 1050 1028 patet
1070 947 1271 1012 Pittakisium
1301 948 1333 1013 in
1364 948 1538 1031 supplendo

308 1059 341 1125 et
363 1057 515 1125 Meierum
536 1059 570 1124 in
591 1058 769 1139 recipiendo
791 1057 949 1124 archontis
971 1057 1055 1122 illius
1082 1058 1206 1125 nomine
1234 1076 1366 1125 errasse.
1410 1058 1537 1126 Etenim

307 1187 389 1236 nuno
412 1169 537 1252 quidem
559 1169 746 1252 perspicitur
768 1169 814 1234 ita
837 1169 1044 1251 supplendum
1067 1187 1146 1248 esse,

457 1277 520 1344 ’hal
544 1283 597 1344 τοῦ
619 1279 734 1363 δεῖνος]
759 1277 920 1368 ἄρχοντος,
942 1283 1207 1367 στρατηγοῦν[τος
1227 1279 1275 1344 ἐπὶ

459 1392 532 1463 τοὺς
553 1390 690 1471 ὁπλίτας]
713 1389 942 1475 Καλλικράτους
963 1389 1028 1472 Σα[
1027 1435 1227 1455 .......
1236 1393 1252 1455 ?

389 1504 495 1570 Nihilo
517 1503 620 1569 secius
648 1502 806 1569 archontis
834 1521 963 1582 nomen,
993 1502 1161 1568 dummodo
1191 1507 1328 1580 extaret,
1358 1503 1534 1569 Atticorum

306 1611 492 1681 archontum
513 1613 603 1680 lastis
626 1619 710 1681 esset
731 1615 940 1681 inserendum.
977 1614 1067 1681 Licet
1089 1615 1170 1682 enim
1193 1634 1303 1680 revera
1324 1613 1533 1697 fragmentum

304 1727 345 1791 sit
366 1733 525 1809 repertum
548 1726 580 1791 in
596 1723 760 1790 salamae
782 1725 894 1803 insula,
916 1731 1021 1792 tamen
1043 1745 1114 1792 cum
1133 1746 1171 1792 ex
1185 1725 1362 1792 litterarum
1378 1725 1534 1806 ductibus,

304 1837 371 1901 tum
394 1837 466 1901 inde
489 1837 573 1920 quod
595 1837 744 1918 temporis
767 1837 887 1903 notatio
916 1837 947 1902 in
977 1839 1171 1920 praescripto
1199 1857 1260 1903 non
1291 1839 1391 1904 solnm
1419 1857 1456 1903 er
1484 1857 1533 1904 ar·

304 1946 425 2028 ehonte,
449 1947 504 2013 sed
527 1947 621 2013 etiam
644 1967 682 2012 ex
704 1951 844 2030 stratego
866 1947 916 2027 fit,
946 1945 1078 2015 efficitur
1099 1949 1226 2015 titulum
1249 1950 1280 2014 in
1304 1969 1373 2016 earn
1395 1951 1532 2018 incidere

303 2062 440 2124 aetatem
463 2036 526 2138 oua
548 2058 650 2123 insula
672 2058 773 2124 denuo
797 2058 1033 2124 Atheniensium
1057 2058 1160 2126 luerit.
1197 2061 1309 2142 Itaque
1331 2062 1456 2142 archon,
1479 2082 1532 2128 cu-

303 2169 351 2235 ius
375 2189 487 2236 nomen
509 2171 616 2252 periit,
644 2171 722 2236 haut
745 2172 837 2237 dubie
860 2171 920 2237 fuit
942 2173 1074 2238 Atticus.
1119 2172 1299 2257 Numquid
1322 2174 1361 2239 de
1389 2179 1530 2258 stratego

303 2275 468 2348 Callicrate
497 2281 624 2348 aliunde
653 2287 775 2349 constet
809 2283 891 2348 unde
920 2284 1077 2350 archontis
1115 2304 1227 2352 nomen
1262 2284 1396 2350 fortasse
1430 2286 1532 2367 possit

302 2391 369 2457 erui
391 2391 510 2474 ignoro.
554 2390 638 2458 Satis
659 2392 760 2459 habeo
784 2393 1015 2460 demonstrasse
1038 2395 1216 2462 Stratonem
1239 2395 1326 2462 illum
1353 2396 1529 2462 Callicratis

300 2501 398 2568 filium
421 2524 459 2570 ex
480 2485 665 2571 archontum
687 2504 788 2572 indice
810 2524 879 2572 esse
902 2506 1096 2573 eliciendum.
