3418 5340
834 411 1057 479 2264.»

329 597 420 681 σίων,
442 601 554 670 deinde
575 600 682 670 multis
703 602 865 687 perpensis
888 621 925 669 eo
946 599 1075 670 inclinat
1096 607 1133 670 ut
1153 589 1292 670 Drusum
1313 602 1429 672 Tiberii
1455 599 1554 671 filium

329 716 492 800 intellegat
518 715 648 799 eiusque
675 734 788 782 nomen
815 715 898 782 inter
925 732 971 780 vs.
995 717 1014 780 3
1037 717 1070 781 et
1090 719 1112 780 4
1133 715 1284 783 excidisse
1303 721 1403 800 putet.
1447 717 1557 783 Potest

329 845 406 893 sane
428 827 473 893 ita
487 825 592 910 fuisse,
616 827 672 894 sed
693 827 791 894 levior
812 832 921 894 nostra
942 825 1119 893 emendatio
1141 827 1365 910 emendetur,
1388 847 1457 895 cum
1489 851 1557 891 πεν-

330 937 481 1003 τακοσίων
502 939 653 1011 intectum
676 938 888 1020 relinquamus
910 942 943 1004 et
964 956 1021 1020 pro
1046 937 1178 1026 Τιβερίῳ
1200 940 1294 1006 scribi
1315 940 1445 1006 velimus
1462 939 1555 1004 Aona.

329 1049 448 1138 Βὴρωι,
471 1049 556 1133 quod
577 1048 610 1114 in
631 1049 735 1133 lapide
752 1048 886 1116 sortasse
902 1047 1027 1117 difficile
1041 1051 1125 1118 lcotu
1140 1056 1172 1116 et
1187 1070 1224 1116 ex
1239 1055 1329 1132 parte
1344 1051 1481 1118 deletum
1496 1057 1553 1117 est.

414 1163 510 1230 Hisce
532 1180 607 1244 ergo
629 1161 729 1228 titulis
750 1163 782 1228 iu
804 1163 958 1230 rationem
980 1163 1099 1230 vocatis
1121 1162 1184 1227 iam
1206 1182 1269 1229 non
1291 1163 1400 1229 dubito
1416 1168 1556 1228 statuere

329 1271 551 1356 Philadelphea
573 1274 614 1340 ad
635 1274 693 1341 hos
715 1275 918 1357 imperatores
941 1278 1084 1358 spectare
1106 1273 1239 1354 ideoque
1260 1293 1322 1340 non
1344 1276 1418 1340 anto
1439 1293 1467 1339 a.
1497 1278 1554 1337 161

330 1404 360 1467 p.
384 1385 456 1452 Ohr.
480 1404 550 1452 esse
571 1385 727 1452 instituta.

281 1495 284 1503 '
418 1496 568 1564 Consulto
595 1497 757 1579 hucusque
783 1497 869 1564 tacui
898 1498 937 1565 da
964 1496 1057 1566 titulo
1086 1495 1150 1563 Φιλ.
1167 1498 1221 1578 IV,
1251 1501 1384 1581 458,1,
1411 1497 1469 1563 sub
1492 1496 1558 1562 Ma-

329 1608 415 1674 crine
430 1608 580 1675 archonte
596 1631 625 1672 a.
644 1611 705 1676 116
719 1609 899 1694 composito,
916 1609 1005 1676 cuius
1020 1611 1052 1675 iu
1066 1610 1190 1676 laterali
1205 1615 1295 1693 parta
1306 1611 1383 1676 haec
1394 1609 1551 1692 leguntur,

788 1720 838 1808 τῷ
855 1716 1001 1808 Ἡρακλεῖ

788 1834 836 1896 καὶ
857 1827 1008 1919 εὐρύθμῳ

831 1942 862 2008 Γ
856 1944 957 2031 copon.

789 2063 837 2142 τῷ
852 2053 999 2142 Ἡρακλεῖ

787 2167 1005 2256 νεανισκαρχὴ·

787 2301 875 2342 σαντι
897 2276 1003 2365 τρίτης

787 2390 911 2462 τάξεως
932 2389 987 2452 πά-

788 2501 846 2588 λης
866 2499 948 2586 Λείῳ

613 2609 701 2675 Φιλα·
901 2607 1012 2676 Ἐπινε·
1221 2611 1277 2697 θῆ-

595 2719 715 2807 ὃέλφει-
930 2721 989 2786 iren
1210 2745 1280 2786 σεια

635 2857 655 2897 α

584 2946 633 3008 καὶ
654 2943 767 3015 ἄλλους
789 2946 858 3010 πολ-

526 3107 529 3116 .
583 3056 666 3133 λοὺς,
688 3055 745 3127 οὓς
766 3056 802 3120 οὐ
820 3080 883 3145 χω-

582 3168 673 3254 ρεῖὁ
696 3166 791 3237 τόπος

471 3273 479 3280 ’
585 3277 610 3340 Τ

588 3390 617 3456 Τ.

414 3501 501 3580 Quae
523 3503 618 3568 verba
639 3502 709 3568 ideo
731 3500 880 3568 momenti
902 3501 977 3568 sunt
998 3501 1072 3584 quia
1093 3519 1139 3566 vs.
1163 3505 1182 3566 9
1211 3506 1483 3568 commemorantur
1506 3499 1557 3566 Φι-

328 3611 507 3699 λαδέλφεια,
530 3633 611 3698 quae
632 3613 763 3698 proinde
791 3613 853 3677 iem
876 3631 905 3678 a.
930 3617 990 3678 116
1012 3631 1043 3695 p.
1067 3611 1140 3677 Chr.
1167 3608 1325 3679 celebrata
1353 3630 1423 3679 esse
1450 3613 1557 3678 viden-

330 3728 392 3801 tur,
408 3729 444 3790 ut
459 3730 568 3791 nostra
582 3730 739 3792 sententia
752 3725 897 3792 videatur
910 3725 1047 3808 infringi.
1081 3723 1143 3791 Sed
1158 3725 1321 3806 quaeritur
1335 3724 1490 3808 quomodo
1505 3743 1557 3790 res

329 3853 364 3901 se
385 3836 509 3903 habeat.
553 3837 692 3903 Primum
716 3838 889 3906 notandum
911 3842 961 3903 est
981 3836 1099 3904 similes
1121 3840 1213 3902 notas
1235 3838 1351 3917 passim
1378 3837 1410 3902 in
1432 3837 1557 3919 ephebi-

285 3967 287 3975 *
329 3946 372 4012 cis
396 3947 497 4013 titulis
520 3966 692 4028 occurrere,
714 3948 881 4029 inscriptas
903 3948 1065 4014 lateribus,
1112 3946 1193 4014 Sunt
1214 3939 1329 4030 autern,
1352 3948 1472 4013 utiam
1495 3945 1556 4012 (lu-

328 4057 478 4126 manudss
501 4055 555 4144 (ad
577 4059 627 4124 tit.
652 4055 795 4140 1121111,
819 4063 890 4139 282,
915 4063 942 4124 2.
966 4059 1024 4136 ΙΙΙ,
1047 4061 1118 4140 283,
1143 4059 1185 4142 3.)
1208 4064 1294 4126 recte
1310 4046 1488 4125 observavit
1507 4062 1554 4124 ta-

328 4166 371 4235 lia
393 4186 455 4235 uon
476 4167 600 4251 publice
622 4169 678 4234 sed
700 4187 823 4253 semper
848 4170 888 4236 ab
918 4171 995 4252 ipsis
1022 4170 1151 4253 ephebis
1179 4170 1313 4250 scriptu:
1344 4168 1479 4239 »ταύτας
1500 4171 1555 4251 (sc.

328 4277 527 4364 ἐπιγραφὰς),
549 4277 595 4345 ait
616 4277 817 4346 Cumanudes
840 4279 895 4358 (ud
916 4279 973 4360 111,
996 4284 1069 4362 282,
1093 4285 1138 4356 2),
1169 4281 1215 4351 ὡς
1236 4282 1284 4344 καὶ
1306 4279 1345 4360 ἐξ
1371 4279 1472 4344 ἄλλων
1489 4267 1566 4366 Ἑρ(

325 4395 397 4473 μων
420 4386 528 4472 ἔγνων,
551 4387 695 4476 ἔγραφόν
718 4413 806 4468 τινες,
828 4391 874 4460 ὡς
896 4388 1046 4475 φαίνεται,
1072 4389 1137 4480 οὐχὶ
1158 4389 1333 4479 ἐπισήμως,
1355 4387 1423 4455 ἀλλ’
1446 4390 1556 4455 ἰδιωτι-

329 4507 394 4570 κῶς
414 4502 462 4564 καὶ
484 4497 689 4587 αὐθαιρέτως,
712 4500 760 4565 ἐπὶ
782 4503 845 4565 τῶν
860 4499 986 4587 Ἑρμῶν
1009 4501 1044 4564 ἐκ
1066 4498 1256 4587 θαυμασμοῦ
1279 4500 1359 4588 πρός
1374 4523 1458 4572 τινας
1469 4503 1555 4587 μάλα

330 4609 492 4698 ἀνδρείους
509 4612 571 4674 τῶν
587 4610 719 4700 ἐφήβων
742 4610 1014 4696 νινούμενοι,’ἴσως
1027 4610 1064 4674 δὲ
1079 4612 1127 4675 καὶ
1143 4611 1276 4700 alestanno
1292 4613 1382 4675 τοῦτο
1399 4611 1553 4676 ἐποίουν(
