3436 5326
852 1183 946 1275 XVI.

481 1390 544 1483 An
573 1391 793 1483 huruuua.
821 1389 1137 1485 theutholdo.
1165 1392 1221 1484 ΝΟ·
1243 1397 1317 1476 646.

284 1621 323 1714 In
352 1649 481 1732 prem.
515 1649 710 1732 archaeolog.
745 1669 794 1716 no.
827 1654 888 1714 640
922 1647 1086 1716 exhibetur
1119 1649 1310 1732 epheborum
1341 1649 1513 1732 catalogue,

284 1761 317 1826 in
339 1779 401 1843 quo
424 1780 460 1828 eo
490 1761 618 1828 consilio
641 1761 691 1827 hic
713 1780 871 1827 moramur
894 1766 930 1826 ut
955 1766 1091 1828 aetatem
1120 1762 1204 1828 tituli
1230 1780 1385 1828 eruamus.
1431 1763 1518 1828 Ante

285 1873 389 1940 omnia
410 1874 477 1956 ipse
499 1873 582 1941 tituli
604 1874 731 1941 habitus
754 1873 846 1940 docet
867 1874 1005 1941 incidere
1027 1893 1099 1941 eum
1121 1875 1154 1939 in
1174 1875 1275 1957 prima
1290 1858 1512 1958 imperatorum

284 1991 436 2070 tempora.
480 1987 569 2066 Quod
597 1987 703 2052 multis
734 1986 784 2052 hic
813 1987 1027 2053 demonstrare
1057 1992 1107 2053 est
1128 2007 1409 2071 supervacaneum,
1441 2008 1512 2055 cum

287 2099 341 2182 qui
363 2098 413 2166 vel
433 2117 550 2182 paucos
573 2098 640 2165 eius
662 2098 786 2180 generis
810 2100 978 2184 catalogos,
1001 2104 1142 2182 tempore
1163 2103 1247 2185 quod
1270 2107 1319 2168 est
1347 2101 1418 2167 iude
1446 2101 1512 2168 fere

284 2212 324 2277 ab
353 2210 514 2277 Hadriano
546 2211 693 2295 scriptoS,
728 2229 898 2296 eorumque
928 2211 1060 2278 formam
1093 2218 1125 2279 et
1155 2213 1298 2280 habitum
1331 2214 1510 2297 inspexerit,

283 2321 366 2390 facili
388 2324 512 2408 negotio
534 2324 612 2390 illud
634 2325 807 2408 adgnoscat
824 2330 897 2392 ante
912 2324 1107 2392 Hadrianum
1123 2326 1248 2391 titulum
1265 2326 1415 2410 scriptum
1432 2344 1511 2392 esse.

368 2438 473 2518 Atque
495 2441 666 2520 conparent
686 2437 736 2504 hio
752 2439 871 2518 archon
885 2437 1134 2526 Καλλικρατίδας,
1158 2444 1295 2504 cosmeta
1312 2435 1511 2527 Alxoode‘vpc,

285 2548 471 2629 paedotriba
493 2546 671 2635 Πάμφιλος,
702 2569 835 2633 quorum
858 2550 897 2616 de
918 2550 1035 2618 nullius
1057 2555 1161 2616 aetate
1184 2551 1355 2633 quidquam
1377 2555 1509 2618 constat.

282 2660 326 2726 At
348 2665 539 2727 memoratur
561 2661 676 2728 ibidem
698 2663 824 2750 ἡγεμὼν
845 2661 1062 2749 Φιλόστρατος.
1101 2663 1189 2728 Idem
1212 2683 1285 2729 vero
1309 2668 1458 2746 conparet
1479 2663 1511 2728 iu

281 2773 474 2856 epheborum
497 2773 638 2856 catalogo
655 2773 689 2839 O.
706 2775 731 2839 Ι.
749 2779 820 2855 266,
843 2775 918 2840 item
942 2779 979 2839 ut
1000 2775 1137 2862 ἡγεμών.
1176 2775 1273 2856 Atqui
1294 2775 1342 2841 tit.
1361 2775 1395 2842 C.
1412 2776 1436 2840 I.
1449 2779 1511 2840 266

281 2887 460 2970 conpositus
483 2892 545 2968 est,
569 2892 605 2953 ut
628 2906 665 2952 ex
687 2887 754 2970 ipso
777 2892 880 2969 patet,
903 2886 1027 2953 Claudii
1049 2892 1153 2954 aetate
1176 2896 1209 2954 et
1230 2888 1356 2970 quidem
1380 2887 1438 2952 sub
1462 2906 1511 2952 ar-

284 2997 397 3065 chonte
420 2999 610 3067 Metrodoro.
658 2998 736 3065 Oum
758 3017 832 3066 vero
856 3005 923 3066 tum
952 3001 1100 3082 temporis
1128 2999 1281 3083 gymnasii
1309 3000 1512 3082 magistratus

285 3112 424 3178 noudum
447 3130 503 3194 per
518 3112 603 3178 vitae
625 3116 748 3195 tempus
764 3113 947 3180 muneribus
969 3112 1150 3196 iungantur,
1172 3111 1228 3178 sed
1250 3113 1277 3177 si
1299 3112 1352 3196 qui
1375 3129 1431 3192 per
1445 3111 1511 3193 plu-

286 3243 338 3290 res
361 3243 460 3292 annos
482 3226 513 3291 in
537 3223 646 3291 eodem
667 3243 796 3291 munere
819 3230 1025 3308 conparcant,
1054 3224 1088 3288 id
1109 3223 1195 3291 casui
1223 3223 1323 3289 solum
1350 3223 1511 3303 debeatur,

282 3335 415 3404 efficitur
438 3336 566 3404 titulum
589 3337 643 3421 qui
666 3342 714 3404 est
729 3338 761 3403 in
776 3338 855 3420 Eph.
873 3338 957 3404 arch.
973 3342 1034 3403 640
1050 3339 1089 3403 ab
1105 3341 1152 3403 tit.
1169 3337 1223 3420 qui
1238 3337 1332 3402 estin
1350 3335 1384 3401 O.
1400 3336 1425 3400 I.
1440 3339 1512 3415 266,

282 3451 398 3535 quippe
420 3468 491 3517 cum
513 3449 545 3515 iu
568 3455 703 3531 utroque
725 3450 808 3517 idem
831 3450 957 3538 ἡγεμών
979 3453 1178 3529 memoretur,
1201 3467 1264 3514 uon
1285 3448 1419 3514 multum
1435 3453 1510 3512 tern-

281 3563 367 3646 poris
389 3563 420 3631 id
444 3568 493 3631 est
515 3580 578 3630 uno
600 3563 651 3630 uel
674 3563 796 3631 duobus
819 3564 909 3628 annis
933 3563 1059 3630 distare.
1098 3561 1327 3649 Quinqyepchu
1344 3558 1511 3646 Φιλόστρα-

282 3699 336 3748 τος
356 3676 387 3744 in
411 3681 548 3762 utroque
571 3675 618 3741 tit.
643 3675 727 3742 idem
749 3676 791 3742 sit
813 3676 922 3742 dubito
945 3675 1122 3756 eominus,
1150 3674 1225 3755 quia
1246 3673 1295 3740 vel
1317 3673 1399 3739 idern
1422 3672 1510 3735 ὁπλα-

278 3789 381 3880 μιλχος
404 3789 436 3856 in
458 3793 593 3870 utroque
617 3787 665 3853 tit.
688 3787 813 3855 videtur
828 3806 914 3854 esse.
959 3787 1040 3852 Nam
1069 3787 1102 3852 in
1124 3787 1253 3869 Ephem.
1284 3786 1333 3851 tit.
1364 3787 1512 3868 conparet

281 3899 385 3973 Νικίας
407 3897 601 3990 Παλληνεύς;
632 3904 742 3966 contra
763 3899 796 3965 in
819 3898 853 3964 0.
878 3899 902 3964 I.
927 3902 987 3963 266
1011 3902 1171 3981 superest:
1202 3943 1397 3963 .......
1424 3891 1510 3959 Ἀντι-

279 4013 373 4100 γόιαυ
395 4010 592 4102 deliquerim
620 4012 727 4096 itaque
749 4012 906 4093 integrum
928 4013 996 4078 eius
1019 4025 1132 4076 nomen
1154 4008 1251 4075 luisse
1273 4027 1431 4076 censeam:
1461 4009 1510 4070 At-

278 4125 346 4200 κίας
365 4121 534 4212 Ἀντιγόνου
550 4123 738 4215 Παλληνεύς.
777 4125 820 4190 Et
842 4143 917 4191 vero
941 4123 1025 4206 apud
1040 4123 1185 4189 Rossium
1208 4124 1247 4189 de
1270 4123 1349 4187 dem.
1373 4139 1443 4204 pag.
1460 4126 1510 4200 34,

277 4259 326 4312 no.
345 4245 384 4310 10
407 4243 558 4324 conparet
573 4239 700 4324 quidam
720 4237 820 4308 tiator
837 4233 1005 4320 Ἀντιγόνου
1020 4233 1216 4323 Παλληνεύς
1242 4251 1343 4315 neque
1360 4233 1510 4317 temporis

278 4353 359 4424 ratio
389 4357 546 4438 repugnat
574 4351 649 4438 quin
681 4350 764 4418 idem
794 4349 1004 4432 intellegatur.
1052 4348 1224 4414 Russianus
1253 4346 1334 4412 enim
1362 4345 1410 4412 tit.
1440 4364 1511 4411 con·

276 4465 399 4552 porum
422 4469 471 4534 erc
493 4465 552 4534 auh
576 4463 727 4532 archonte
749 4462 979 4542 Rhoemetalce,
1002 4464 1080 4527 natu
1099 4458 1243 4540 minore,¹
1266 4457 1508 4540 Rhescuporidis

308 4707 330 4766 ὠ
350 4641 356 4678 ¹
376 4591 559 4696 1666666111υά
573 4642 607 4696 Nl·
628 4637 695 4706 quod
713 4636 739 4690 in
757 4636 831 4688 Rosa.
849 4636 886 4688 tit.
906 4644 963 4703 post
980 4633 1174 4686 Rhoemetalcae
1192 4649 1282 4682 nomen
1301 4640 1367 4684 curtat
1387 4631 1511 4700 siguificat

276 4725 306 4768 61
332 4725 425 4784 προς.
