3436 5326
679 369 921 438 -113-

278 552 330 618 Va.
355 557 385 624 9.
403 581 409 596 ·
425 551 488 620 Ἔπλ
509 555 622 625 Σύλλα.
665 559 842 626 Boeckhius
865 559 914 625 ad.
937 559 966 624 h.
989 559 1053 625 tic:
1083 553 1160 623 νἘπλ
1183 557 1286 622 Σύλλα
1313 559 1414 643 possis

184 665 227 732 ad
249 671 369 755 οωτήφι
391 672 453 731 τῶν
476 667 610 758 ἐφήβων
633 670 767 740 referre:
790 671 830 738 de
852 671 1002 738 archonte
1024 669 1149 754 quidem
1165 672 1234 739 eius
1249 672 1332 755 anni,
1354 690 1415 754 qno

185 781 293 844 cetera
314 779 475 865 inscriptio
497 783 601 864 posita
623 788 681 864 est,
703 783 767 850 noli
790 783 944 867 cogitare:
966 783 993 850 is
1016 789 1101 850 certe
1123 785 1203 850 alius
1226 790 1291 866 est,
1312 803 1358 851 vs.
1375 789 1415 850 23

184 889 353 958 indicatus.
398 894 489 960 Anne
511 893 610 978 igitur
631 894 708 962 haec
730 894 860 962 dextera
882 895 1025 962 columna
1053 896 1260 979 antiquiorem
1290 896 1417 962 titulum

185 1003 423 1085 comprehendit
450 1005 518 1072 Iovi
548 1005 709 1072 servatori
739 1005 930 1089 epheborum
960 1005 1114 1089 dicatum,
1145 1007 1297 1074 servatori
1325 1008 1418 1089 ephe-

184 1113 299 1180 borum
321 1115 352 1180 in
370 1113 500 1182 Sullana
522 1116 611 1182 clade
626 1117 861 1184 Athenarumio
902 1117 965 1184 Sed
986 1117 1068 1184 inira
1089 1118 1155 1200 ipse
1178 1120 1217 1185 ab
1239 1119 1298 1186 hac
1319 1119 1418 1201 suspi-

184 1225 272 1291 tione
293 1226 414 1293 recedit
436 1233 468 1294 et
489 1234 596 1306 censet
614 1230 797 1298 archontem
817 1229 884 1295 eius
899 1229 972 1295 anni
987 1227 1165 1311 significari,
1189 1231 1330 1313 quiante
1346 1249 1417 1296 eum

184 1333 296 1419 fuerit,
325 1338 365 1405 de
393 1356 455 1420 quo
477 1359 522 1406 vs.
539 1345 580 1406 23
602 1339 652 1427 (G.
676 1341 701 1409 Ι.
725 1342 811 1423 246).
857 1341 900 1406 At
927 1341 1026 1406 omnis
1048 1341 1198 1407 Boeckhii
1228 1360 1316 1408 error
1343 1341 1418 1408 inde

185 1454 236 1516 est
257 1455 351 1516 natus
372 1450 457 1532 quod
478 1449 541 1516 fide
562 1451 753 1518 Fonrmonto
775 1451 884 1518 habita
906 1457 972 1518 tres
993 1453 1064 1517 illas
1085 1452 1303 1536 inscriptiones
1328 1457 1418 1536 puta·

183 1567 277 1628 verat
299 1581 368 1630 esse
390 1581 494 1630 unam.
538 1562 697 1631 Nimirum
725 1565 779 1648 qui
808 1583 853 1630 vs.
876 1568 916 1630 23
945 1564 1044 1647 (apud
1065 1565 1272 1641 Boeckhium)
1301 1565 1418 1630 archon

184 1675 388 1758 praedicatur
408 1677 436 1741 is
457 1676 537 1742 haut
557 1677 666 1759 paucis
689 1677 779 1743 annis
802 1681 874 1760 post
895 1695 1025 1742 munere
1046 1675 1172 1743 iunctus
1195 1681 1262 1759 est,
1293 1678 1332 1742 dc
1355 1695 1418 1760 qua

185 1807 222 1854 re
243 1792 355 1868 postea
376 1787 561 1853 videbimus.
598 1788 646 1855 De
668 1788 818 1854 archonte
839 1791 946 1853 autem
968 1807 1078 1854 revera
1092 1788 1335 1870 intellegendam
1350 1807 1420 1855 esse

185 1916 294 1966 vocem
318 1898 387 1963 »ἐπὶ
406 1897 530 1962 Σύλλα(
555 1917 638 1966 nunc
661 1899 788 1982 quidem
809 1883 984 1965 luculenter
1007 1899 1097 1966 docet
1119 1901 1167 1965 tit.
1191 1900 1223 1964 in
1237 1899 1317 1980 Eph.
1334 1901 1418 1968 arch.

185 1985 208 2074 ¹.
230 2011 252 2076 1.
284 2009 331 2093 (ἐν
359 2009 488 2100 ἄρχοντι
509 2008 637 2091 Σύλλα).
683 2009 762 2076 Cum
784 2027 859 2076 vero
881 2015 1007 2093 praeter
1035 2011 1216 2077 archontem
1244 2016 1276 2077 et
1304 2031 1419 2078 cosme·
1528 2013 1531 2020 “

184 2127 251 2188 tam
274 2121 380 2189 nullus
404 2121 595 2207 epheborum
621 2123 826 2206 magistratus
854 2127 910 2188 aut
936 2129 1121 2206 praeceptor
1147 2124 1179 2189 in
1208 2141 1244 2190 eo
1273 2124 1321 2189 tit.
1350 2141 1421 2190 con·

185 2238 298 2314 pareat
331 2239 364 2300 et
393 2253 465 2302 cnm
494 2235 636 2318 inprimis
663 2234 867 2318 paedotribae
894 2271 936 2282 -
966 2235 1081 2316 quiin
1111 2235 1178 2300 eius
1206 2235 1291 2300 modi
1319 2235 1420 2301 titulis

187 2345 357 2412 maximum
381 2347 532 2429 temporis
554 2345 704 2414 indicium
726 2345 856 2428 praehet
872 2381 913 2392 -
929 2343 1016 2411 nulla
1037 2343 1093 2411 fiat
1106 2347 1232 2429 mentio,
1256 2348 1419 2430 quaeritur

185 2476 249 2539 quo
272 2475 354 2523 anno
375 2455 499 2530 Σύλλας
512 2459 645 2524 Athenis
668 2457 785 2524 archon
806 2455 911 2538 suerit,
932 2461 997 2539 aut,
1021 2457 1055 2561 11
1068 2457 1171 2523 minua
1194 2458 1262 2540 hoc,
1285 2447 1348 2539 qua
1370 2477 1419 2524 ae-

186 2573 263 2636 tate.
309 2569 400 2648 Quod
421 2575 458 2636 ut
478 2569 579 2653 possit
601 2569 759 2636 enucleari
780 2569 949 2635 videndum
973 2575 1021 2636 est
1042 2589 1118 2636 num
1147 2572 1201 2652 qui
1231 2591 1269 2637 ex
1293 2571 1338 2636 eis
1367 2571 1421 2652 qui

187 2680 231 2747 ihi
252 2680 336 2747 inter
358 2681 494 2764 ephebos
516 2685 721 2746 recensentur
742 2680 875 2746 redeant
896 2679 977 2746 forta
1003 2681 1064 2745 alio
1091 2681 1169 2748 loco.
1214 2683 1260 2748 Ac
1287 2682 1421 2764 primum

187 2809 234 2856 vs.
252 2795 293 2856 29
316 2789 396 2874 (col.
412 2789 460 2877 11)
482 2793 565 2858 inter
580 2789 718 2873 ephebos
734 2796 782 2857 est
796 2789 956 2878 Λεωνίδης
965 2787 1106 2877 Ἡρώδου
1122 2791 1299 2879 Χολλείδης.
1333 2791 1421 2857 Idem

137 2918 142 2925 ·
186 2903 281 2969 homo
303 2903 386 2969 redit
407 2904 440 2968 in
462 2903 510 2968 tit.
533 2903 656 2970 Philist.
681 2903 740 2983 111,
763 2908 835 2984 444,
861 2908 876 2967 1
902 2907 1012 2983 estque
1034 2903 1078 2968 ibi
1100 2903 1312 2970 anticosmeta.
1356 2901 1421 2968 Ita-

188 3033 250 3096 que
272 3014 357 3080 inter
379 3021 548 3095 utrumque
569 3015 621 3080 111.
643 3014 709 3082 tere
732 3019 772 3079 20
795 3015 868 3080 anni
883 3013 1039 3080 interiecti
1054 3019 1138 3095 sunt,
1161 3015 1244 3095 qnod
1258 3013 1420 3080 minimum

188 3129 246 3190 est.
285 3126 383 3206 Atqui
404 3127 456 3194 ille
470 3126 592 3192 Philist
616 3127 664 3192 tit.
689 3131 836 3192 exaratus
860 3130 909 3192 est
923 3143 952 3189 a.
975 3129 1034 3189 165
1049 3143 1079 3206 p.
1099 3123 1173 3190 Chr.
1200 3124 1251 3203 (cf.
1267 3143 1337 3208 pag.
1356 3130 1419 3202 18).

187 3236 384 3302 Revocemur
406 3257 481 3320 ergo
503 3238 574 3304 circ.
606 3237 647 3304 ad
670 3257 698 3304 a.
724 3241 920 3316 145-150,
949 3253 1011 3315 quo
1039 3236 1170 3318 proinde
1199 3241 1339 3318 tempore
1367 3236 1420 3302 ille

189 3347 278 3414 Sulla
301 3348 434 3414 Athenis
457 3350 574 3415 archon
596 3347 693 3414 fuerit
715 3353 847 3430 oportet.
893 3347 1112 3430 Conprobatur
1133 3347 1211 3412 haec
1241 3349 1421 3428 conputatio

185 3460 248 3525 alia
269 3460 400 3526 ratione.
439 3459 478 3525 In
501 3461 631 3542 Ephem.
655 3461 740 3526 arch.
762 3480 812 3527 no.
830 3465 912 3526 3833
934 3459 1017 3525 inter
1039 3458 1241 3540 magistratus
1259 3459 1421 3542 quosdam,

187 3575 224 3636 ut
255 3571 398 3648 videtur,
423 3575 577 3654 ,conparet
604 3571 687 3637 idem
713 3571 767 3637 ille
789 3569 949 3656 Λεωνίδης
970 3566 1122 3655 Ἡρώδου.
1167 3569 1362 3650 Quamquam
1389 3569 1422 3634 in

189 3683 260 3764 ipsa
281 3682 483 3764 inscriptione
512 3684 663 3765 temporis
690 3681 839 3748 indicium
868 3699 930 3746 non
959 3681 1056 3760 inest,
1085 3683 1190 3744 tamen
1217 3679 1305 3745 iuxta
1333 3680 1420 3745 illum

188 3793 361 3858 Leonidam
383 3798 565 3860 recensetur
580 3793 764 3863 Μουσώνιος
779 3789 923 3878 Ῥοῦφοςε
945 3792 972 3856 11
994 3794 1101 3858 autem
1117 3789 1149 3856 in
1164 3791 1212 3856 tit.
1228 3791 1349 3856 Philist.
1366 3791 1423 3872 IV,

190 3907 261 3983 164,
287 3909 301 3968 1
327 3923 372 3970 vs.
390 3909 432 3970 34
454 3903 593 3989 (01111)
615 3905 697 3970 inter
712 3903 848 3986 ephebos
864 3902 1030 3982 invenitur.
1069 3902 1167 3982 Atqui
1180 3921 1208 3967 a.
1227 3907 1284 3966 141
1302 3921 1332 3984 p.
1350 3901 1422 3966 Chr.

191 4014 374 4096 conpositus
403 4019 453 4080 est
479 4015 590 4080 titulus
619 4032 712 4096 quem
740 4014 832 4080 modo
863 4013 965 4078 attuli.
1009 4013 1108 4079 Recta
1137 4030 1212 4094 ergo
1239 4017 1288 4078 est
1314 4017 1423 4078 nostra

193 4126 385 4208 conputatio,
411 4125 527 4208 quippe
549 4144 587 4190 ax
609 4143 672 4206 qua
693 4125 865 4192 Leonidam
887 4123 952 4190 fere
975 4124 1084 4190 eodem
1106 4129 1248 4206 tempore
1270 4143 1331 4206 quo
1355 4126 1424 4191 Mu-

190 4236 299 4304 sonius
328 4236 481 4319 ephebum
511 4235 608 4300 inisse
637 4241 755 4318 pateat.
808 4235 949 4317 Denique
978 4235 1011 4299 in
1039 4235 1092 4301 illo
1120 4234 1339 4318 Ephemeridis
1373 4239 1421 4302 tit.

193 4351 278 4436 (περ.
301 4349 337 4416 Β.
357 4349 431 4432 107)
455 4367 500 4414 vs.
519 4353 556 4413 11
582 4347 660 4430 (Col.
676 4349 721 4432 11)
751 4350 834 4414 inter
862 4347 998 4430 ephebos
1028 4353 1076 4412 est
1098 4345 1249 4436 Εὔφημος
1270 4348 1423 4439 Εὐφήμου

191 4459 365 4550 Σφήττιος;
388 4459 483 4526 huius
505 4457 639 4525 fortasse
660 4459 759 4524 frater
781 4463 830 4524 est
851 4458 877 4524 is
900 4458 954 4540 qui
977 4457 1009 4522 in
1029 4458 1076 4524 tit.
1094 4459 1224 4542 Ephem.
1241 4463 1324 4528 arch.
1341 4467 1424 4528 2235

193 4593 223 4640 a.
249 4577 309 4638 147
338 4591 369 4654 p.
393 4570 474 4640 Chr..
495 4575 544 4636 est
574 4569 713 4653 ephebus
733 4565 960 4656 Ἀπολλοφάνης
978 4567 1129 4656 Εὐφήμου
1158 4569 1323 4658 Σφήττιος.
1367 4573 1426 4640 Vel

192 4683 252 4751 hoc
274 4683 426 4766 congruit.
449 4717 491 4729 -
521 4679 570 4750 Va.
591 4685 619 4745 7.
643 4683 676 4748 8.
720 4680 812 4760 Quod
833 4679 874 4746 ad
896 4679 993 4747 verba
1014 4677 1063 4742 Διῒ
1082 4685 1201 4769 σωτήφι
1224 4681 1356 4771 ἐφήβων
1379 4688 1426 4750 at·

1253 4785 1270 4838 8
