3418 5340
711 1005 773 1096 IV.

306 1193 369 1284 AD
397 1193 618 1286 EPHEMER.
647 1189 964 1288 ARCHAEOLOG.
993 1185 1177 1285 N⁰103u

124 1413 318 1506 Pittakisius
340 1441 371 1505 in
394 1440 601 1523 Euhemeride
624 1441 858 1524 archaeologieu
879 1446 1031 1508 u0.1030
1054 1441 1153 1507 edidit
1174 1441 1258 1508 tituli
1272 1439 1355 1524 frag·

124 1556 283 1633 menium,
314 1552 397 1634 quod
423 1553 496 1620 olim
522 1553 584 1618 iam
614 1554 646 1618 iu
673 1554 752 1620 libro
784 1554 974 1620 »l'aucieune
1004 1552 1162 1620 Atheuesr
1195 1572 1265 1636 pag.
1293 1559 1354 1620 347

124 1663 345 1747 promulgasse
367 1683 401 1732 se
422 1666 546 1732 videtur
567 1667 728 1748 ignorare,
759 1667 790 1732 id
813 1668 897 1748 qued
918 1667 991 1734 huic
1019 1668 1086 1734 viru
1109 1683 1209 1750 aequo
1232 1667 1356 1749 saepius

126 1776 251 1842 accidia
297 1776 408 1860 Itaque
430 1775 596 1860 fragmenti
620 1779 800 1862 apographa
822 1779 956 1848 alterum
984 1780 1024 1846 ab
1046 1779 1146 1845 altero
1168 1778 1200 1843 in
1226 1777 1357 1860 singulis

125 1887 244 1953 litteris
266 1907 328 1953 non
350 1887 491 1970 paullum
514 1890 700 1970 discrepant.

214 1998 354 2081 contigit
375 2001 464 2066 uobis
487 2006 523 2066 ut
545 2007 577 2067 et
599 2002 658 2067 hoc
680 2001 889 2084 fragmentum
912 2001 952 2068 ad
974 2003 1109 2068 eundem
1131 2021 1247 2068 aunum
1270 2020 1357 2086 spec-

125 2118 196 2179 tare
218 2115 490 2197 adguuseeremua
513 2115 553 2180 ad
577 2133 670 2196 quem
692 2117 804 2182 titulus
828 2115 890 2182 Φιλ.
912 2117 927 2181 Ι
949 2135 1019 2199 pag.
1041 2121 1111 2196 518,
1129 2119 1157 2196 6,
1180 2115 1219 2180 de
1241 2131 1303 2194 quo
1325 2113 1358 2178 in

126 2225 206 2306 Gap.
230 2226 280 2290 III
309 2225 451 2292 diximus.
502 2225 710 2308 Sequentibus
732 2229 867 2310 primum
894 2228 956 2292 huc
986 2227 1160 2293 describam
1189 2230 1359 2308 uirumque

126 2337 371 2403 Pittakisiunum
393 2337 625 2420 apographum,
652 2339 763 2405 deiude
786 2339 942 2420 quomodo
964 2337 1194 2406 restituendum
1216 2341 1249 2404 et
1269 2336 1360 2402 iutel-

126 2449 296 2532 legendum
318 2449 360 2515 sit
380 2449 591 2532 fragmentum
613 2450 766 2520 indicabo.

212 2624 337 2721 Ἐφημ.
365 2624 445 2731 ἀρχ.
472 2647 532 2697 no.
555 2621 665 2695 1030.
874 2613 999 2692 L’unc.
1026 2611 1190 2692 Athenes
1216 2641 1253 2715 p.
1274 2613 1361 2686 347.

1119 2775 1150 2842 A

239 2908 571 2980 ΠΝΟΕΩΝΕΛ
880 2898 1190 2975 ΠΝΟΠΩΕΝ

241 3036 538 3109 ΥΙΜΟΕΩΝ
880 3023 1217 3101 ΤΙΝΘΕΟΝΟ

242 3165 493 3238 ΙΑΡΙΕΩΝ
905 3155 1191 3230 ΝΑΝΒΙΩΝ

238 3293 562 3368 ΑΔΙΛΦΙΚΩΝ
881 3281 1231 3360 ΑΔΡΑΦΝΙΩΝ

241 3424 499 3498 ΗΙΕΡΟΝΑ
885 3412 1187 3487 ΒΗΡΩΩΝΑ

163 3552 537 3628 Π..ΜΕΙΩΝΜΟ
1060 3535 1296 3611 ΝΕΙΩΝΜΟ

190 3680 625 3756 ΙΜΝυΔΕΙΩΝΑΝ
816 3665 1255 3746 ΜΜΟΔΕΙΩΝΑΝΤ

136 3809 600 3886 ΘΗΡΙΔΙΩΝΤΥΛΛ
867 3795 1202 3874 ΗΜΛΙΩΝΤΥΜ

134 3939 567 4015 ΠΙΝΙΚΙΩΝΑΙΛΙ
941 3921 1318 4000 ΠΙΝΙΚΙΩΝΑΙΛΙ

165 4066 511 4144 ΗΕΕΙΩΝΟΡΟ
986 4048 1308 4130 ΗΣΕΙΩΝΘΥΟ

138 4195 548 4275 ΜΦΙΛΡΑΩΝΚ
944 4178 1284 4258 ΜΦΙΑΡΑΩΝΚ

136 4324 599 4402 ΣΡΜΛΝΙΚΕΙΩΝ
975 4303 1403 4384 ΕΡΜΑΝΙΚΕΙΩΝ

137 4456 579 4531 ΟΥΠΕΡΙΛΛΚΗΣ
816 4437 1284 4519 ΟΥΠΕΡΙΑΛΚΗΣ

137 4586 519 4665 ΑΝΤΙΚΟΕΜΗ
816 4567 1193 4648 ΑΝΤΙΚΟΣΜΗ

1141 4701 1157 4762 6
