3436 5326
674 409 909 472 —166-

179 593 213 658 Γ.
244 591 409 664 Ἰούλιος
441 589 637 680 Ἀντίοχος
665 589 879 682 Ἐπιφανὴς
909 593 1165 665 Φιλόπαππος
1198 595 1409 684 [λασαιεύς.

286 705 365 771 Phil.
389 705 442 786 lv,
473 710 524 784 94,
553 711 581 770 5.
626 703 757 786 Ephem.
787 706 871 772 arch.
899 725 970 773 nov.
1000 725 1049 772 no.
1075 709 1147 771 211.
1187 703 1247 787 (cf.
1275 705 1409 772 Boeckh.

286 817 325 882 ad
349 815 383 881 G.
408 816 433 881 Ι.
458 816 473 881 1
495 834 526 896 p.
542 819 629 898 433).
673 817 811 898 Tempus
833 817 878 882 sic
900 815 978 884 effici
1000 823 1119 901 potest:
1142 817 1180 882 In
1202 815 1321 882 Philist.
1345 816 1365 882 l.
1390 813 1409 882 1.

285 928 367 992 inter
388 927 467 992 alios
489 935 671 994 recensetur
699 922 861 1017 Ἀρχικλῆς
881 927 1066 1016 Λακιάδης.
1111 927 1198 994 Idem
1221 945 1295 994 vero
1317 926 1410 1008 homo

284 1038 314 1102 in
339 1037 372 1102 G.
394 1038 418 1102 1.
435 1042 497 1104 268
520 1038 602 1104 circa
623 1058 651 1104 a.
675 1043 734 1103 112
757 1039 874 1122 scripto
896 1038 988 1104 titulo
1013 1038 1063 1121 (cf.
1086 1057 1157 1120 pag.
1177 1039 1249 1119 150)
1274 1043 1323 1103 est
1344 1055 1410 1104 cos·

284 1153 376 1214 meta.
421 1149 532 1230 ltaque
561 1149 705 1216 inciderit
734 1151 782 1215 tit.
812 1149 891 1215 Phil.
915 1149 968 1230 IV,
999 1154 1050 1229 94,
1083 1153 1111 1230 5,
1139 1149 1170 1214 in
1200 1166 1263 1230 quo
1292 1147 1408 1214 archon

284 1259 495 1342 Philopappus
517 1260 690 1342 exhibetur,
713 1261 745 1326 in
768 1259 894 1326 Traiani
916 1265 973 1326 aut
994 1258 1147 1324 Hadriani
1169 1262 1315 1325 aetatem.
1349 1258 1410 1326 Ne·

284 1389 344 1454 que
366 1371 509 1438 diversus
530 1371 587 1453 sit,
616 1389 686 1438 meo
707 1371 837 1451 iudicio,
864 1371 981 1438 archon

183 1481 474 1551 Φιλύπαπποςύ
496 1483 555 1544 καλ
578 1480 761 1553 άλλιανύς
781 1483 834 1566 (λ),
861 1482 987 1550 in0.1·
1011 1485 1087 1556 2003
1109 1499 1182 1546 nam
1204 1481 1236 1548 in
1258 1499 1295 1547 eo
1317 1480 1410 1548 titulo

290 1596 439 1675 conparet
465 1591 592 1675 quidam
621 1593 766 1673 Β]ούλων
795 1591 1017 1679 Μοιραγένοος
1043 1589 1212 1668 Φυλάσιος,
1245 1592 1299 1674 qui
1329 1592 1411 1658 idem

283 1703 316 1768 in
337 1703 513 1770 Philistoris
535 1703 627 1770 titulo
649 1721 742 1784 quem
765 1721 862 1788 supra
883 1702 976 1772 attuli
1001 1703 1060 1770 sub
1082 1703 1231 1771 archonte
1246 1701 1410 1786 Epiphane

285 1814 478 1898 Philopappo
500 1814 666 1882 invenitur.
1195 1879 1198 1886 ,

180 1925 214 1990 Δ.
239 1922 414 2008 Φλάβιος
437 1923 711 2012 Φιλόστρατος
738 1923 962 2012 Στειριεύς,
990 1923 1062 1990 cire.
1091 1943 1120 1990 a.
1144 1929 1325 1992 247-250
1356 1925 1407 2008 (cf.

282 2056 352 2119 pag.
370 2038 433 2118 95).
466 2036 587 2102 Philist.
604 2037 645 2118 11,
668 2041 741 2102 428.
776 2035 905 2119 Ephem.
929 2037 1014 2103 arch.
1031 2039 1111 2102 2321
1137 2035 1189 2114 (ef.
1212 2055 1284 2120 pag.
1302 2043 1367 2114 94).

180 2147 347 2218 Λούκιος
369 2145 565 2217 Φλαούιος
587 2146 773 2232 Φλάμμας
801 2143 1119 2234 Κυδαθηναιεύς,
1149 2151 1254 2212 aetate
1281 2146 1409 2212 incerta.

282 2258 413 2341 Ephem·
437 2258 521 2324 arch.
548 2263 640 2324 3785.
665 2264 758 2324 3786.
799 2253 912 2344 Ἐπιγρ.
936 2257 1034 2346 ἑλλην.
1057 2257 1083 2339 Ι,
1107 2262 1157 2340 76,
1180 2276 1209 2324 a.

182 2369 380 2454 Xap.....?,
404 2373 445 2434 54
466 2389 497 2452 p.
520 2368 593 2434 Chr.
616 2368 654 2436 cs.
677 2388 749 2452 pag.
768 2375 837 2436 138.
