<?xml version="1.0" encoding="UTF-8"?>
<!DOCTYPE html PUBLIC "-//W3C//DTD XHTML 1.0 Transitional//EN"
    "http://www.w3.org/TR/xhtml1/DTD/xhtml1-transitional.dtd">
<html xmlns="http://www.w3.org/1999/xhtml" xml:lang="en" lang="en">
 <head>
  <title>
</title>
<meta http-equiv="Content-Type" content="text/html;charset=utf-8" />
  <meta name='ocr-system' content='tesseract 3.04.00' />
  <meta name='ocr-capabilities' content='ocr_page ocr_carea ocr_par ocr_line ocrx_word'/>
</head>
<body>
  <div class='ocr_page' id='page_1' title='image "./commentationese00neubgoog_0034.png"; bbox 0 0 3418 5340; ppageno 0'>
   <div class='ocr_carea' id='block_1_1' title="bbox 686 398 902 463">
    <p class='ocr_par' dir='ltr' id='par_1_1' title="bbox 686 398 902 463">
     <span class='ocr_line' id='line_1_1' title="bbox 686 398 902 463; baseline 0.005 -18"><span class='ocrx_word' id='word_1_1' title='bbox 686 398 902 463; x_wconf 69' lang='lat'>..21-</span> 
     </span>
    </p>
   </div>
   <div class='ocr_carea' id='block_1_2' title="bbox 172 581 1409 4697">
    <p class='ocr_par' dir='ltr' id='par_1_2' title="bbox 180 581 1409 1118">
     <span class='ocr_line' id='line_1_2' title="bbox 180 581 1407 674; baseline 0.003 -21"><span class='ocrx_word' id='word_1_2' title='bbox 180 585 224 653; x_wconf 92' lang='lat' dir='ltr'>At</span> <span class='ocrx_word' id='word_1_3' title='bbox 245 603 309 654; x_wconf 93' lang='lat' dir='ltr'>non</span> <span class='ocrx_word' id='word_1_4' title='bbox 330 587 450 652; x_wconf 88' lang='lat' dir='ltr'>rectam</span> <span class='ocrx_word' id='word_1_5' title='bbox 465 599 535 651; x_wconf 88' lang='lat' dir='ltr'>eam</span> <span class='ocrx_word' id='word_1_6' title='bbox 550 599 620 650; x_wconf 88' lang='lat' dir='ltr'>esse</span> <span class='ocrx_word' id='word_1_7' title='bbox 634 581 783 651; x_wconf 90' lang='lat' dir='ltr'>docemur</span> <span class='ocrx_word' id='word_1_8' title='bbox 797 601 880 650; x_wconf 93' lang='lat' dir='ltr'>nunc</span> <span class='ocrx_word' id='word_1_9' title='bbox 895 583 1022 666; x_wconf 93' lang='lat' dir='ltr'>quidem</span> <span class='ocrx_word' id='word_1_10' title='bbox 1036 583 1127 652; x_wconf 88' lang='lat' dir='ltr'>titulo</span> <span class='ocrx_word' id='word_1_11' title='bbox 1149 584 1203 656; x_wconf 91' lang='lat' dir='ltr'>illo</span> <span class='ocrx_word' id='word_1_12' title='bbox 1220 585 1283 674; x_wconf 78' lang='grc' dir='ltr'><strong>(ἐφ.</strong></span> <span class='ocrx_word' id='word_1_13' title='bbox 1298 591 1407 674; x_wconf 84' lang='grc'><strong>4008).</strong></span> 
     </span>
     <span class='ocr_line' id='line_1_3' title="bbox 180 694 1405 781; baseline -0.001 -15"><span class='ocrx_word' id='word_1_14' title='bbox 180 697 245 766; x_wconf 91' lang='lat' dir='ltr'>Ubi</span> <span class='ocrx_word' id='word_1_15' title='bbox 273 697 329 781; x_wconf 91' lang='lat' dir='ltr'>qui</span> <span class='ocrx_word' id='word_1_16' title='bbox 350 696 468 764; x_wconf 87' lang='lat' dir='ltr'>archon</span> <span class='ocrx_word' id='word_1_17' title='bbox 489 698 682 762; x_wconf 87' lang='lat' dir='ltr'>memoratur</span> <span class='ocrx_word' id='word_1_18' title='bbox 703 695 750 761; x_wconf 87' lang='lat' dir='ltr'>Fl.</span> <span class='ocrx_word' id='word_1_19' title='bbox 773 694 951 764; x_wconf 79' lang='lat' dir='ltr'>Alcibiades</span> <span class='ocrx_word' id='word_1_20' title='bbox 973 697 1175 766; x_wconf 88' lang='lat' dir='ltr'>Paeaniensis</span> <span class='ocrx_word' id='word_1_21' title='bbox 1197 717 1268 768; x_wconf 92' lang='lat' dir='ltr'>oum</span> <span class='ocrx_word' id='word_1_22' title='bbox 1293 719 1321 767; x_wconf 93' lang='grc'>5.</span> <span class='ocrx_word' id='word_1_23' title='bbox 1347 701 1405 766; x_wconf 83' lang='lat'>141</span> 
     </span>
     <span class='ocr_line' id='line_1_4' title="bbox 180 805 1409 896; baseline 0.003 -20"><span class='ocrx_word' id='word_1_24' title='bbox 180 827 211 892; x_wconf 91' lang='lat' dir='ltr'>p.</span> <span class='ocrx_word' id='word_1_25' title='bbox 229 807 303 876; x_wconf 90' lang='lat' dir='ltr'>Chr.</span> <span class='ocrx_word' id='word_1_26' title='bbox 326 826 456 876; x_wconf 92' lang='lat' dir='ltr'>munere</span> <span class='ocrx_word' id='word_1_27' title='bbox 477 805 636 892; x_wconf 86' lang='lat' dir='ltr'>fungatur,</span> <span class='ocrx_word' id='word_1_28' title='bbox 652 807 843 892; x_wconf 79' lang='lat' dir='ltr'>perspicitur</span> <span class='ocrx_word' id='word_1_29' title='bbox 860 808 1041 886; x_wconf 80' lang='lat' dir='ltr'>etiamtunc,</span> <span class='ocrx_word' id='word_1_30' title='bbox 1057 808 1209 877; x_wconf 83' lang='lat' dir='ltr'>Antonini</span> <span class='ocrx_word' id='word_1_31' title='bbox 1224 811 1272 878; x_wconf 94' lang='lat' dir='ltr'>Pii</span> <span class='ocrx_word' id='word_1_32' title='bbox 1294 817 1409 896; x_wconf 89' lang='lat' dir='ltr'>aetate,</span> 
     </span>
     <span class='ocr_line' id='line_1_5' title="bbox 180 918 1407 1008; baseline 0.002 -18"><span class='ocrx_word' id='word_1_33' title='bbox 180 919 374 1006; x_wconf 71' lang='lat' dir='ltr'>superinice</span> <span class='ocrx_word' id='word_1_34' title='bbox 390 923 608 987; x_wconf 83' lang='lat' dir='ltr'>sexcentorum</span> <span class='ocrx_word' id='word_1_35' title='bbox 627 923 779 986; x_wconf 87' lang='lat' dir='ltr'>senatum.</span> <span class='ocrx_word' id='word_1_36' title='bbox 811 918 905 988; x_wconf 89' lang='lat' dir='ltr'>Certo</span> <span class='ocrx_word' id='word_1_37' title='bbox 924 924 1029 989; x_wconf 85' lang='lat' dir='ltr'>autem</span> <span class='ocrx_word' id='word_1_38' title='bbox 1048 921 1277 990; x_wconf 87' lang='lat' dir='ltr'>Antoninorum</span> <span class='ocrx_word' id='word_1_39' title='bbox 1294 928 1407 1008; x_wconf 87' lang='lat' dir='ltr'>aetate,</span> 
     </span>
     <span class='ocr_line' id='line_1_6' title="bbox 183 1032 1248 1118; baseline 0 -18"><span class='ocrx_word' id='word_1_40' title='bbox 183 1051 246 1102; x_wconf 94' lang='lat' dir='ltr'>non</span> <span class='ocrx_word' id='word_1_41' title='bbox 267 1035 387 1118; x_wconf 87' lang='lat' dir='ltr'>postea,</span> <span class='ocrx_word' id='word_1_42' title='bbox 410 1036 593 1100; x_wconf 88' lang='lat' dir='ltr'>senatorum</span> <span class='ocrx_word' id='word_1_43' title='bbox 614 1050 781 1099; x_wconf 92' lang='lat' dir='ltr'>numerum</span> <span class='ocrx_word' id='word_1_44' title='bbox 802 1032 1001 1099; x_wconf 89' lang='lat' dir='ltr'>immutatum</span> <span class='ocrx_word' id='word_1_45' title='bbox 1024 1051 1093 1100; x_wconf 91' lang='lat' dir='ltr'>esse</span> <span class='ocrx_word' id='word_1_46' title='bbox 1115 1039 1248 1117; x_wconf 90' lang='lat' dir='ltr'>oportet.</span> 
     </span>
    </p>

    <p class='ocr_par' dir='ltr' id='par_1_3' title="bbox 172 1142 1409 1452">
     <span class='ocr_line' id='line_1_7' title="bbox 172 1142 1408 1239; baseline 0.006 -31"><span class='ocrx_word' id='word_1_47' title='bbox 172 1181 174 1186; x_wconf 92' lang='lat'><em>-</em></span> <span class='ocrx_word' id='word_1_48' title='bbox 268 1142 325 1209; x_wconf 76' lang='lat' dir='ltr'>Aa</span> <span class='ocrx_word' id='word_1_49' title='bbox 345 1167 376 1208; x_wconf 84' lang='lat' dir='ltr'>a.</span> <span class='ocrx_word' id='word_1_50' title='bbox 401 1145 583 1209; x_wconf 82' lang='grc'><strong>115-150.</strong></span> <span class='ocrx_word' id='word_1_51' title='bbox 627 1143 678 1210; x_wconf 91' lang='lat' dir='ltr'>Ad</span> <span class='ocrx_word' id='word_1_52' title='bbox 710 1142 769 1208; x_wconf 87' lang='lat' dir='ltr'>bos</span> <span class='ocrx_word' id='word_1_53' title='bbox 802 1142 869 1210; x_wconf 90' lang='lat' dir='ltr'>lere</span> <span class='ocrx_word' id='word_1_54' title='bbox 900 1161 1000 1210; x_wconf 87' lang='lat' dir='ltr'>annos</span> <span class='ocrx_word' id='word_1_55' title='bbox 1027 1151 1170 1228; x_wconf 88' lang='lat' dir='ltr'>spectare</span> <span class='ocrx_word' id='word_1_56' title='bbox 1191 1147 1240 1214; x_wconf 88' lang='lat' dir='ltr'>tit.</span> <span class='ocrx_word' id='word_1_57' title='bbox 1264 1145 1314 1234; x_wconf 78' lang='grc' dir='ltr'>ἐφ.</span> <span class='ocrx_word' id='word_1_58' title='bbox 1338 1148 1408 1239; x_wconf 77' lang='grc' dir='ltr'><strong>ἀρχ.</strong></span> 
     </span>
     <span class='ocr_line' id='line_1_8' title="bbox 181 1253 1409 1345; baseline 0.004 -22"><span class='ocrx_word' id='word_1_59' title='bbox 181 1280 250 1345; x_wconf 78' lang='grc' dir='ltr'><strong>περ.</strong></span> <span class='ocrx_word' id='word_1_60' title='bbox 284 1257 320 1324; x_wconf 93' lang='grc' dir='ltr'>Β.</span> <span class='ocrx_word' id='word_1_61' title='bbox 349 1275 400 1324; x_wconf 86' lang='grc'>55.</span> <span class='ocrx_word' id='word_1_62' title='bbox 432 1260 493 1322; x_wconf 94' lang='grc'>107</span> <span class='ocrx_word' id='word_1_63' title='bbox 527 1253 637 1338; x_wconf 87' lang='lat' dir='ltr'>(ch.</span> <span class='ocrx_word' id='word_1_64' title='bbox 661 1255 686 1320; x_wconf 92' lang='grc' dir='ltr'>Ι.</span> <span class='ocrx_word' id='word_1_65' title='bbox 710 1259 788 1338; x_wconf 84' lang='grc'>246,</span> <span class='ocrx_word' id='word_1_66' title='bbox 812 1253 972 1340; x_wconf 87' lang='lat' dir='ltr'>Col.IIl),</span> <span class='ocrx_word' id='word_1_67' title='bbox 1006 1256 1060 1323; x_wconf 92' lang='lat' dir='ltr'>ubi</span> <span class='ocrx_word' id='word_1_68' title='bbox 1093 1257 1259 1326; x_wconf 84' lang='lat' dir='ltr'>exhibetur</span> <span class='ocrx_word' id='word_1_69' title='bbox 1291 1261 1409 1330; x_wconf 88' lang='lat' dir='ltr'>archon</span> 
     </span>
     <span class='ocr_line' id='line_1_9' title="bbox 184 1364 1282 1452; baseline 0.005 -20"><span class='ocrx_word' id='word_1_70' title='bbox 184 1366 317 1445; x_wconf 79' lang='grc' dir='ltr'><em>Σύλλας,</em></span> <span class='ocrx_word' id='word_1_71' title='bbox 340 1372 479 1436; x_wconf 88' lang='lat' dir='ltr'>cosmeta</span> <span class='ocrx_word' id='word_1_72' title='bbox 500 1364 683 1452; x_wconf 75' lang='grc'><strong>1115115555,</strong></span> <span class='ocrx_word' id='word_1_73' title='bbox 704 1365 787 1433; x_wconf 86' lang='grc'><strong>15155</strong></span> <span class='ocrx_word' id='word_1_74' title='bbox 807 1365 883 1450; x_wconf 87' lang='lat' dir='ltr'>Cap.</span> <span class='ocrx_word' id='word_1_75' title='bbox 905 1367 964 1435; x_wconf 90' lang='lat' dir='ltr'>XV</span> <span class='ocrx_word' id='word_1_76' title='bbox 988 1367 1282 1438; x_wconf 89' lang='lat' dir='ltr'>demonstrabimus.</span> 
     </span>
    </p>

    <p class='ocr_par' dir='ltr' id='par_1_4' title="bbox 179 1478 1409 2569">
     <span class='ocr_line' id='line_1_10' title="bbox 268 1478 1409 1574; baseline 0.005 -28"><span class='ocrx_word' id='word_1_77' title='bbox 268 1480 319 1547; x_wconf 90' lang='lat' dir='ltr'>Ad</span> <span class='ocrx_word' id='word_1_78' title='bbox 339 1479 423 1546; x_wconf 91' lang='lat' dir='ltr'>idem</span> <span class='ocrx_word' id='word_1_79' title='bbox 444 1483 568 1563; x_wconf 92' lang='lat' dir='ltr'>tempus</span> <span class='ocrx_word' id='word_1_80' title='bbox 589 1479 783 1546; x_wconf 87' lang='lat' dir='ltr'>revocandus</span> <span class='ocrx_word' id='word_1_81' title='bbox 805 1479 929 1574; x_wconf 88' lang='lat' dir='ltr'>videtur</span> <span class='ocrx_word' id='word_1_82' title='bbox 949 1481 996 1546; x_wconf 90' lang='lat' dir='ltr'>tit.</span> <span class='ocrx_word' id='word_1_83' title='bbox 1022 1478 1086 1545; x_wconf 80' lang='grc' dir='ltr'><strong>Φιλ.</strong></span> <span class='ocrx_word' id='word_1_84' title='bbox 1110 1480 1164 1564; x_wconf 89' lang='lat' dir='ltr'>IV,</span> <span class='ocrx_word' id='word_1_85' title='bbox 1189 1485 1259 1564; x_wconf 89' lang='grc'><strong>559,</strong></span> <span class='ocrx_word' id='word_1_86' title='bbox 1273 1481 1304 1548; x_wconf 85' lang='grc'><strong>3.</strong></span> <span class='ocrx_word' id='word_1_87' title='bbox 1335 1481 1409 1552; x_wconf 88' lang='lat' dir='ltr'>Coe-</span> 
     </span>
     <span class='ocr_line' id='line_1_11' title="bbox 181 1590 1407 1675; baseline 0.002 -17"><span class='ocrx_word' id='word_1_88' title='bbox 181 1596 296 1675; x_wconf 91' lang='lat' dir='ltr'>metae,</span> <span class='ocrx_word' id='word_1_89' title='bbox 319 1591 486 1673; x_wconf 90' lang='lat' dir='ltr'>archontis,</span> <span class='ocrx_word' id='word_1_90' title='bbox 508 1591 714 1674; x_wconf 80' lang='lat' dir='ltr'>paedotribae</span> <span class='ocrx_word' id='word_1_91' title='bbox 735 1590 863 1658; x_wconf 91' lang='lat' dir='ltr'>nomina</span> <span class='ocrx_word' id='word_1_92' title='bbox 884 1590 1036 1673; x_wconf 81' lang='lat' dir='ltr'>inlepide</span> <span class='ocrx_word' id='word_1_93' title='bbox 1051 1597 1256 1660; x_wconf 87' lang='lat' dir='ltr'>evanuerunt.</span> <span class='ocrx_word' id='word_1_94' title='bbox 1290 1593 1407 1662; x_wconf 89' lang='lat' dir='ltr'>Nihilo-</span> 
     </span>
     <span class='ocr_line' id='line_1_12' title="bbox 183 1703 1408 1791; baseline 0.003 -21"><span class='ocrx_word' id='word_1_95' title='bbox 183 1703 287 1770; x_wconf 89' lang='lat' dir='ltr'>seoius</span> <span class='ocrx_word' id='word_1_96' title='bbox 309 1703 389 1769; x_wconf 92' lang='lat' dir='ltr'>illud</span> <span class='ocrx_word' id='word_1_97' title='bbox 411 1703 523 1786; x_wconf 83' lang='lat' dir='ltr'>colligo</span> <span class='ocrx_word' id='word_1_98' title='bbox 539 1723 578 1770; x_wconf 87' lang='lat' dir='ltr'>ex</span> <span class='ocrx_word' id='word_1_99' title='bbox 599 1703 788 1785; x_wconf 89' lang='lat' dir='ltr'>quibusdam</span> <span class='ocrx_word' id='word_1_100' title='bbox 810 1703 987 1772; x_wconf 90' lang='lat' dir='ltr'>nominibus</span> <span class='ocrx_word' id='word_1_101' title='bbox 1009 1721 1091 1788; x_wconf 88' lang='lat' dir='ltr'>quae</span> <span class='ocrx_word' id='word_1_102' title='bbox 1110 1703 1154 1771; x_wconf 91' lang='lat' dir='ltr'>ibi</span> <span class='ocrx_word' id='word_1_103' title='bbox 1174 1705 1257 1772; x_wconf 90' lang='lat' dir='ltr'>inter</span> <span class='ocrx_word' id='word_1_104' title='bbox 1271 1707 1408 1791; x_wconf 88' lang='lat' dir='ltr'>ephebos</span> 
     </span>
     <span class='ocr_line' id='line_1_13' title="bbox 180 1815 1407 1903; baseline 0.002 -21"><span class='ocrx_word' id='word_1_105' title='bbox 180 1819 399 1891; x_wconf 87' lang='lat' dir='ltr'>recensentur,</span> <span class='ocrx_word' id='word_1_106' title='bbox 426 1833 508 1898; x_wconf 89' lang='lat' dir='ltr'>quae</span> <span class='ocrx_word' id='word_1_107' title='bbox 537 1815 607 1882; x_wconf 88' lang='lat' dir='ltr'>aliis</span> <span class='ocrx_word' id='word_1_108' title='bbox 635 1816 668 1881; x_wconf 96' lang='lat' dir='ltr'>in</span> <span class='ocrx_word' id='word_1_109' title='bbox 697 1815 966 1899; x_wconf 86' lang='lat' dir='ltr'>inscriptionibus,</span> <span class='ocrx_word' id='word_1_110' title='bbox 994 1835 1128 1903; x_wconf 87' lang='lat' dir='ltr'>quarum</span> <span class='ocrx_word' id='word_1_111' title='bbox 1157 1822 1245 1883; x_wconf 87' lang='lat' dir='ltr'>aetas</span> <span class='ocrx_word' id='word_1_112' title='bbox 1275 1823 1407 1900; x_wconf 89' lang='lat' dir='ltr'>constat,</span> 
     </span>
     <span class='ocr_line' id='line_1_14' title="bbox 181 1927 1409 2013; baseline 0.003 -19"><span class='ocrx_word' id='word_1_113' title='bbox 181 1927 326 2007; x_wconf 85' lang='lat' dir='ltr'>redeunt,</span> <span class='ocrx_word' id='word_1_114' title='bbox 349 1933 445 2012; x_wconf 88' lang='lat' dir='ltr'>atque</span> <span class='ocrx_word' id='word_1_115' title='bbox 466 1927 673 2012; x_wconf 87' lang='lat' dir='ltr'>potissimum,</span> <span class='ocrx_word' id='word_1_116' title='bbox 697 1946 768 1994; x_wconf 91' lang='lat' dir='ltr'>cum</span> <span class='ocrx_word' id='word_1_117' title='bbox 789 1927 829 1994; x_wconf 93' lang='lat' dir='ltr'>de</span> <span class='ocrx_word' id='word_1_118' title='bbox 851 1928 964 1995; x_wconf 86' lang='grc'><strong>5515515</strong></span> <span class='ocrx_word' id='word_1_119' title='bbox 988 1928 1125 1996; x_wconf 89' lang='lat' dir='ltr'>dubitari</span> <span class='ocrx_word' id='word_1_120' title='bbox 1153 1929 1262 2013; x_wconf 89' lang='lat' dir='ltr'>possit,</span> <span class='ocrx_word' id='word_1_121' title='bbox 1295 1949 1333 1996; x_wconf 83' lang='lat' dir='ltr'>ex</span> <span class='ocrx_word' id='word_1_122' title='bbox 1354 1949 1409 1998; x_wconf 93' lang='lat' dir='ltr'>no·</span> 
     </span>
     <span class='ocr_line' id='line_1_15' title="bbox 180 2033 1406 2130; baseline -0.001 -25"><span class='ocrx_word' id='word_1_123' title='bbox 180 2039 265 2106; x_wconf 82' lang='lat' dir='ltr'>mine</span> <span class='ocrx_word' id='word_1_124' title='bbox 281 2033 322 2106; x_wconf 66' lang='grc'><strong>’711</strong></span> <span class='ocrx_word' id='word_1_125' title='bbox 338 2043 378 2106; x_wconf 80' lang='grc'>37</span> <span class='ocrx_word' id='word_1_126' title='bbox 401 2038 446 2106; x_wconf 90' lang='lat' dir='ltr'>ibi</span> <span class='ocrx_word' id='word_1_127' title='bbox 467 2040 622 2106; x_wconf 79' lang='lat' dir='ltr'>recensito</span> <span class='ocrx_word' id='word_1_128' title='bbox 639 2036 797 2123; x_wconf 82' lang='grc' dir='ltr'><em>Σαβεῖνος</em></span> <span class='ocrx_word' id='word_1_129' title='bbox 811 2037 1023 2126; x_wconf 76' lang='grc' dir='ltr'><strong><em>Ἕρμέρω[τος</em></strong></span> <span class='ocrx_word' id='word_1_130' title='bbox 1038 2037 1259 2130; x_wconf 55' lang='grc' dir='ltr'>Γαργήττιοςῃ</span> <span class='ocrx_word' id='word_1_131' title='bbox 1281 2041 1365 2109; x_wconf 83' lang='lat' dir='ltr'>redit</span> <span class='ocrx_word' id='word_1_132' title='bbox 1378 2043 1406 2109; x_wconf 88' lang='lat' dir='ltr'>is</span> 
     </span>
     <span class='ocr_line' id='line_1_16' title="bbox 180 2148 1408 2235; baseline 0.003 -19"><span class='ocrx_word' id='word_1_133' title='bbox 180 2151 215 2216; x_wconf 93' lang='lat' dir='ltr'>in</span> <span class='ocrx_word' id='word_1_134' title='bbox 243 2150 292 2218; x_wconf 90' lang='lat' dir='ltr'>tit.</span> <span class='ocrx_word' id='word_1_135' title='bbox 324 2148 389 2214; x_wconf 83' lang='grc' dir='ltr'><strong>Φιλ.</strong></span> <span class='ocrx_word' id='word_1_136' title='bbox 412 2151 467 2234; x_wconf 90' lang='lat' dir='ltr'>IV,</span> <span class='ocrx_word' id='word_1_137' title='bbox 504 2155 573 2233; x_wconf 86' lang='lat'>168,</span> <span class='ocrx_word' id='word_1_138' title='bbox 597 2155 616 2216; x_wconf 82' lang='lat'><strong>2</strong></span> <span class='ocrx_word' id='word_1_139' title='bbox 639 2169 685 2217; x_wconf 86' lang='lat' dir='ltr'>vs.</span> <span class='ocrx_word' id='word_1_140' title='bbox 711 2155 751 2216; x_wconf 91' lang='lat'>10</span> <span class='ocrx_word' id='word_1_141' title='bbox 782 2150 928 2234; x_wconf 79' lang='grc'><strong>(05111)</strong></span> <span class='ocrx_word' id='word_1_142' title='bbox 963 2151 1045 2218; x_wconf 91' lang='lat' dir='ltr'>inter</span> <span class='ocrx_word' id='word_1_143' title='bbox 1078 2152 1303 2235; x_wconf 79' lang='lat' dir='ltr'>sophronistae.</span> <span class='ocrx_word' id='word_1_144' title='bbox 1344 2153 1408 2220; x_wconf 91' lang='lat' dir='ltr'>Ita-</span> 
     </span>
     <span class='ocr_line' id='line_1_17' title="bbox 182 2261 1406 2348; baseline 0.002 -18"><span class='ocrx_word' id='word_1_145' title='bbox 182 2279 244 2344; x_wconf 90' lang='lat' dir='ltr'>que</span> <span class='ocrx_word' id='word_1_146' title='bbox 265 2262 332 2329; x_wconf 87' lang='lat' dir='ltr'>lere</span> <span class='ocrx_word' id='word_1_147' title='bbox 355 2267 480 2328; x_wconf 88' lang='grc'><strong>15-20</strong></span> <span class='ocrx_word' id='word_1_148' title='bbox 502 2263 577 2330; x_wconf 92' lang='grc'><strong>5551</strong></span> <span class='ocrx_word' id='word_1_149' title='bbox 599 2263 795 2330; x_wconf 88' lang='lat' dir='ltr'>interioiendi</span> <span class='ocrx_word' id='word_1_150' title='bbox 817 2263 972 2330; x_wconf 87' lang='lat' dir='ltr'>videntur.</span> <span class='ocrx_word' id='word_1_151' title='bbox 1007 2261 1148 2348; x_wconf 79' lang='lat' dir='ltr'>Cumque</span> <span class='ocrx_word' id='word_1_152' title='bbox 1163 2265 1216 2331; x_wconf 89' lang='lat' dir='ltr'>ille</span> <span class='ocrx_word' id='word_1_153' title='bbox 1230 2263 1406 2333; x_wconf 90' lang='lat' dir='ltr'>Philistoris</span> 
     </span>
     <span class='ocr_line' id='line_1_18' title="bbox 181 2373 1406 2457; baseline 0.003 -17"><span class='ocrx_word' id='word_1_154' title='bbox 181 2373 296 2440; x_wconf 88' lang='lat' dir='ltr'>titulus</span> <span class='ocrx_word' id='word_1_155' title='bbox 319 2379 467 2441; x_wconf 86' lang='lat' dir='ltr'>exaratus</span> <span class='ocrx_word' id='word_1_156' title='bbox 489 2375 531 2441; x_wconf 90' lang='lat' dir='ltr'>sit</span> <span class='ocrx_word' id='word_1_157' title='bbox 552 2375 609 2440; x_wconf 89' lang='lat' dir='ltr'>ant</span> <span class='ocrx_word' id='word_1_158' title='bbox 630 2375 699 2457; x_wconf 91' lang='lat' dir='ltr'>ipso</span> <span class='ocrx_word' id='word_1_159' title='bbox 721 2391 802 2440; x_wconf 90' lang='lat' dir='ltr'>anno</span> <span class='ocrx_word' id='word_1_160' title='bbox 828 2379 887 2440; x_wconf 92' lang='grc'>175</span> <span class='ocrx_word' id='word_1_161' title='bbox 918 2379 973 2441; x_wconf 89' lang='grc'>551</span> <span class='ocrx_word' id='word_1_162' title='bbox 1005 2375 1088 2442; x_wconf 89' lang='lat' dir='ltr'>circa</span> <span class='ocrx_word' id='word_1_163' title='bbox 1110 2395 1182 2442; x_wconf 93' lang='lat' dir='ltr'>eum</span> <span class='ocrx_word' id='word_1_164' title='bbox 1214 2394 1330 2442; x_wconf 90' lang='lat' dir='ltr'>annum</span> <span class='ocrx_word' id='word_1_165' title='bbox 1354 2376 1406 2456; x_wconf 89' lang='lat' dir='ltr'>(ol.</span> 
     </span>
     <span class='ocr_line' id='line_1_19' title="bbox 179 2485 793 2569; baseline 0.002 -18"><span class='ocrx_word' id='word_1_166' title='bbox 179 2503 251 2569; x_wconf 83' lang='lat' dir='ltr'>pag.</span> <span class='ocrx_word' id='word_1_167' title='bbox 277 2489 331 2564; x_wconf 86' lang='lat'>26)</span> <span class='ocrx_word' id='word_1_168' title='bbox 354 2485 591 2553; x_wconf 82' lang='lat' dir='ltr'>vocamurfere</span> <span class='ocrx_word' id='word_1_169' title='bbox 613 2486 646 2551; x_wconf 91' lang='grc'>15</span> <span class='ocrx_word' id='word_1_170' title='bbox 669 2505 697 2552; x_wconf 92' lang='grc'>5.</span> <span class='ocrx_word' id='word_1_171' title='bbox 724 2491 793 2552; x_wconf 88' lang='grc'><strong>150.</strong></span> 
     </span>
    </p>

    <p class='ocr_par' dir='ltr' id='par_1_5' title="bbox 177 2595 1408 4246">
     <span class='ocr_line' id='line_1_20' title="bbox 266 2595 1408 2684; baseline 0.005 -23"><span class='ocrx_word' id='word_1_172' title='bbox 266 2595 322 2662; x_wconf 76' lang='lat' dir='ltr'>Aa</span> <span class='ocrx_word' id='word_1_173' title='bbox 361 2622 391 2663; x_wconf 86' lang='lat' dir='ltr'>a.</span> <span class='ocrx_word' id='word_1_174' title='bbox 429 2600 499 2664; x_wconf 80' lang='grc'><strong>117.</strong></span> <span class='ocrx_word' id='word_1_175' title='bbox 559 2599 607 2665; x_wconf 90' lang='lat' dir='ltr'>De</span> <span class='ocrx_word' id='word_1_176' title='bbox 646 2598 796 2665; x_wconf 87' lang='lat' dir='ltr'>archonte</span> <span class='ocrx_word' id='word_1_177' title='bbox 835 2597 943 2664; x_wconf 89' lang='lat' dir='ltr'>videas</span> <span class='ocrx_word' id='word_1_178' title='bbox 982 2616 1063 2682; x_wconf 90' lang='lat' dir='ltr'>quae</span> <span class='ocrx_word' id='word_1_179' title='bbox 1101 2597 1183 2664; x_wconf 87' lang='lat' dir='ltr'>infra</span> <span class='ocrx_word' id='word_1_180' title='bbox 1222 2598 1297 2684; x_wconf 88' lang='lat' dir='ltr'>Cap.</span> <span class='ocrx_word' id='word_1_181' title='bbox 1329 2601 1408 2668; x_wconf 88' lang='lat' dir='ltr'>VIII</span> 
     </span>
     <span class='ocr_line' id='line_1_21' title="bbox 180 2709 1408 2778; baseline 0.002 -1"><span class='ocrx_word' id='word_1_182' title='bbox 180 2709 359 2778; x_wconf 85' lang='lat' dir='ltr'>afferemus.</span> <span class='ocrx_word' id='word_1_183' title='bbox 403 2710 525 2777; x_wconf 90' lang='lat' dir='ltr'>Eodem</span> <span class='ocrx_word' id='word_1_184' title='bbox 554 2711 623 2776; x_wconf 91' lang='lat' dir='ltr'>loco</span> <span class='ocrx_word' id='word_1_185' title='bbox 649 2709 933 2777; x_wconf 87' lang='lat' dir='ltr'>demonstrabimus</span> <span class='ocrx_word' id='word_1_186' title='bbox 961 2710 993 2775; x_wconf 93' lang='lat' dir='ltr'>in</span> <span class='ocrx_word' id='word_1_187' title='bbox 1020 2709 1103 2776; x_wconf 89' lang='lat' dir='ltr'>huno</span> <span class='ocrx_word' id='word_1_188' title='bbox 1131 2710 1264 2778; x_wconf 90' lang='lat' dir='ltr'>eundem</span> <span class='ocrx_word' id='word_1_189' title='bbox 1292 2729 1408 2778; x_wconf 88' lang='lat' dir='ltr'>annum</span> 
     </span>
     <span class='ocr_line' id='line_1_22' title="bbox 180 2819 1406 2905; baseline 0.002 -17"><span class='ocrx_word' id='word_1_190' title='bbox 180 2821 318 2890; x_wconf 78' lang='lat' dir='ltr'>Incidere</span> <span class='ocrx_word' id='word_1_191' title='bbox 340 2820 468 2887; x_wconf 87' lang='lat' dir='ltr'>titulum</span> <span class='ocrx_word' id='word_1_192' title='bbox 491 2819 555 2888; x_wconf 77' lang='lat' dir='ltr'>dcl.</span> <span class='ocrx_word' id='word_1_193' title='bbox 580 2821 633 2902; x_wconf 91' lang='lat' dir='ltr'>IV,</span> <span class='ocrx_word' id='word_1_194' title='bbox 658 2826 728 2887; x_wconf 84' lang='lat'><strong>344.</strong></span> <span class='ocrx_word' id='word_1_195' title='bbox 773 2821 842 2887; x_wconf 89' lang='lat' dir='ltr'>Hoc</span> <span class='ocrx_word' id='word_1_196' title='bbox 863 2822 895 2887; x_wconf 94' lang='lat' dir='ltr'>in</span> <span class='ocrx_word' id='word_1_197' title='bbox 917 2821 1010 2888; x_wconf 89' lang='lat' dir='ltr'>titulo</span> <span class='ocrx_word' id='word_1_198' title='bbox 1031 2822 1113 2888; x_wconf 88' lang='lat' dir='ltr'>inter</span> <span class='ocrx_word' id='word_1_199' title='bbox 1134 2823 1271 2905; x_wconf 93' lang='lat' dir='ltr'>ephebos</span> <span class='ocrx_word' id='word_1_200' title='bbox 1300 2841 1406 2890; x_wconf 90' lang='lat' dir='ltr'>recen-</span> 
     </span>
     <span class='ocr_line' id='line_1_23' title="bbox 181 2931 1407 3024; baseline 0 -24"><span class='ocrx_word' id='word_1_201' title='bbox 181 2939 270 3002; x_wconf 76' lang='lat' dir='ltr'>satur</span> <span class='ocrx_word' id='word_1_202' title='bbox 298 2931 457 3021; x_wconf 73' lang='grc' dir='ltr'><em>Κιθαιρὼν</em></span> <span class='ocrx_word' id='word_1_203' title='bbox 479 2931 675 3020; x_wconf 70' lang='grc' dir='ltr'><em>Κιθαιρῶνος</em></span> <span class='ocrx_word' id='word_1_204' title='bbox 697 2933 869 3024; x_wconf 77' lang='grc' dir='ltr'><em>Ἀχαρνεύς.</em></span> <span class='ocrx_word' id='word_1_205' title='bbox 919 2934 1008 3000; x_wconf 89' lang='lat' dir='ltr'>Idem</span> <span class='ocrx_word' id='word_1_206' title='bbox 1037 2934 1130 3000; x_wconf 88' lang='lat' dir='ltr'>homo</span> <span class='ocrx_word' id='word_1_207' title='bbox 1153 2933 1236 3000; x_wconf 83' lang='lat' dir='ltr'>redit</span> <span class='ocrx_word' id='word_1_208' title='bbox 1266 2934 1300 2999; x_wconf 88' lang='lat' dir='ltr'>in</span> <span class='ocrx_word' id='word_1_209' title='bbox 1322 2933 1407 3018; x_wconf 85' lang='lat' dir='ltr'>frag·</span> 
     </span>
     <span class='ocr_line' id='line_1_24' title="bbox 180 3035 1405 3130; baseline 0.001 -18"><span class='ocrx_word' id='word_1_210' title='bbox 180 3050 286 3114; x_wconf 93' lang='lat' dir='ltr'>mento</span> <span class='ocrx_word' id='word_1_211' title='bbox 308 3045 343 3112; x_wconf 94' lang='lat' dir='ltr'>C.</span> <span class='ocrx_word' id='word_1_212' title='bbox 366 3047 391 3112; x_wconf 95' lang='grc' dir='ltr'><strong>Ι.</strong></span> <span class='ocrx_word' id='word_1_213' title='bbox 417 3051 479 3112; x_wconf 91' lang='grc'>277</span> <span class='ocrx_word' id='word_1_214' title='bbox 502 3051 612 3128; x_wconf 88' lang='lat' dir='ltr'>estque</span> <span class='ocrx_word' id='word_1_215' title='bbox 645 3047 689 3113; x_wconf 94' lang='lat' dir='ltr'>ibi</span> <span class='ocrx_word' id='word_1_216' title='bbox 722 3046 923 3130; x_wconf 88' lang='lat' dir='ltr'>sophronista</span> <span class='ocrx_word' id='word_1_217' title='bbox 945 3035 1101 3112; x_wconf 85' lang='lat' dir='ltr'>unacum</span> <span class='ocrx_word' id='word_1_218' title='bbox 1130 3045 1229 3111; x_wconf 88' lang='lat' dir='ltr'>fratre</span> <span class='ocrx_word' id='word_1_219' title='bbox 1257 3045 1405 3113; x_wconf 87' lang='lat' dir='ltr'>Stratone</span> 
     </span>
     <span class='ocr_line' id='line_1_25' title="bbox 182 3157 1406 3239; baseline 0 -15"><span class='ocrx_word' id='word_1_220' title='bbox 182 3157 379 3225; x_wconf 80' lang='lat' dir='ltr'>Cithaeronis</span> <span class='ocrx_word' id='word_1_221' title='bbox 402 3157 445 3224; x_wconf 88' lang='lat' dir='ltr'>fil.</span> <span class='ocrx_word' id='word_1_222' title='bbox 469 3158 672 3224; x_wconf 85' lang='lat' dir='ltr'>Achamensi.</span> <span class='ocrx_word' id='word_1_223' title='bbox 710 3159 823 3239; x_wconf 91' lang='lat' dir='ltr'>Itaque</span> <span class='ocrx_word' id='word_1_224' title='bbox 845 3157 912 3224; x_wconf 90' lang='grc'><strong>1555</strong></span> <span class='ocrx_word' id='word_1_225' title='bbox 937 3161 1060 3224; x_wconf 87' lang='grc'><strong>10·-15</strong></span> <span class='ocrx_word' id='word_1_226' title='bbox 1085 3157 1159 3222; x_wconf 92' lang='grc'><strong>5551</strong></span> <span class='ocrx_word' id='word_1_227' title='bbox 1180 3157 1263 3224; x_wconf 85' lang='grc'><strong>15155</strong></span> <span class='ocrx_word' id='word_1_228' title='bbox 1286 3163 1406 3224; x_wconf 90' lang='lat' dir='ltr'>utrum·</span> 
     </span>
     <span class='ocr_line' id='line_1_26' title="bbox 180 3269 1406 3353; baseline -0.002 -15"><span class='ocrx_word' id='word_1_229' title='bbox 180 3289 244 3353; x_wconf 92' lang='lat' dir='ltr'>que</span> <span class='ocrx_word' id='word_1_230' title='bbox 265 3270 392 3337; x_wconf 90' lang='lat' dir='ltr'>titulum</span> <span class='ocrx_word' id='word_1_231' title='bbox 414 3269 660 3352; x_wconf 89' lang='lat' dir='ltr'>intermittendi;</span> <span class='ocrx_word' id='word_1_232' title='bbox 683 3270 814 3353; x_wconf 89' lang='lat' dir='ltr'>proinde</span> <span class='ocrx_word' id='word_1_233' title='bbox 837 3269 870 3336; x_wconf 92' lang='lat' dir='ltr'>C.</span> <span class='ocrx_word' id='word_1_234' title='bbox 890 3271 915 3336; x_wconf 93' lang='lat' dir='ltr'>I.</span> <span class='ocrx_word' id='word_1_235' title='bbox 935 3274 995 3335; x_wconf 95' lang='grc'>277</span> <span class='ocrx_word' id='word_1_236' title='bbox 1019 3269 1104 3336; x_wconf 82' lang='grc'><strong>55111</strong></span> <span class='ocrx_word' id='word_1_237' title='bbox 1118 3269 1184 3336; x_wconf 88' lang='grc'><strong>1555</strong></span> <span class='ocrx_word' id='word_1_238' title='bbox 1207 3270 1240 3334; x_wconf 92' lang='grc'>15</span> <span class='ocrx_word' id='word_1_239' title='bbox 1254 3287 1283 3336; x_wconf 88' lang='lat' dir='ltr'>a.</span> <span class='ocrx_word' id='word_1_240' title='bbox 1303 3275 1406 3336; x_wconf 90' lang='grc'><strong>155-</strong></span> 
     </span>
     <span class='ocr_line' id='line_1_27' title="bbox 183 3379 1406 3464; baseline -0.001 -16"><span class='ocrx_word' id='word_1_241' title='bbox 183 3387 244 3448; x_wconf 86' lang='grc'>160</span> <span class='ocrx_word' id='word_1_242' title='bbox 266 3381 299 3448; x_wconf 83' lang='grc'>11</span> <span class='ocrx_word' id='word_1_243' title='bbox 321 3383 423 3449; x_wconf 90' lang='lat' dir='ltr'>estin</span> <span class='ocrx_word' id='word_1_244' title='bbox 443 3382 613 3450; x_wconf 87' lang='lat' dir='ltr'>Abascanti</span> <span class='ocrx_word' id='word_1_245' title='bbox 634 3382 840 3463; x_wconf 89' lang='lat' dir='ltr'>paedotribae</span> <span class='ocrx_word' id='word_1_246' title='bbox 861 3385 1011 3464; x_wconf 88' lang='lat' dir='ltr'>tempora.</span> <span class='ocrx_word' id='word_1_247' title='bbox 1050 3381 1155 3462; x_wconf 84' lang='lat' dir='ltr'>Atque</span> <span class='ocrx_word' id='word_1_248' title='bbox 1178 3379 1303 3447; x_wconf 87' lang='lat' dir='ltr'>videtur</span> <span class='ocrx_word' id='word_1_249' title='bbox 1324 3379 1406 3464; x_wconf 82' lang='lat' dir='ltr'>trag·</span> 
     </span>
     <span class='ocr_line' id='line_1_28' title="bbox 180 3491 1407 3578; baseline -0.001 -18"><span class='ocrx_word' id='word_1_250' title='bbox 180 3499 322 3561; x_wconf 91' lang='lat' dir='ltr'>mentum</span> <span class='ocrx_word' id='word_1_251' title='bbox 334 3493 367 3561; x_wconf 94' lang='lat' dir='ltr'>C.</span> <span class='ocrx_word' id='word_1_252' title='bbox 378 3495 404 3560; x_wconf 94' lang='grc' dir='ltr'><strong>Ι.</strong></span> <span class='ocrx_word' id='word_1_253' title='bbox 416 3499 489 3576; x_wconf 90' lang='grc'>277,</span> <span class='ocrx_word' id='word_1_254' title='bbox 506 3498 542 3561; x_wconf 90' lang='grc'>51</span> <span class='ocrx_word' id='word_1_255' title='bbox 556 3494 647 3578; x_wconf 90' lang='lat' dir='ltr'>quasi</span> <span class='ocrx_word' id='word_1_256' title='bbox 662 3494 764 3561; x_wconf 90' lang='lat' dir='ltr'>obiter</span> <span class='ocrx_word' id='word_1_257' title='bbox 777 3494 837 3560; x_wconf 88' lang='lat' dir='ltr'>hoe</span> <span class='ocrx_word' id='word_1_258' title='bbox 860 3494 1062 3576; x_wconf 86' lang='lat' dir='ltr'>attingamus,</span> <span class='ocrx_word' id='word_1_259' title='bbox 1084 3491 1238 3576; x_wconf 88' lang='lat' dir='ltr'>particula</span> <span class='ocrx_word' id='word_1_260' title='bbox 1259 3497 1407 3576; x_wconf 91' lang='lat' dir='ltr'>systrem-</span> 
     </span>
     <span class='ocr_line' id='line_1_29' title="bbox 178 3603 1405 3689; baseline 0.001 -19"><span class='ocrx_word' id='word_1_261' title='bbox 178 3605 281 3672; x_wconf 90' lang='lat' dir='ltr'>matis.</span> <span class='ocrx_word' id='word_1_262' title='bbox 326 3604 425 3672; x_wconf 87' lang='lat' dir='ltr'>Aliter</span> <span class='ocrx_word' id='word_1_263' title='bbox 448 3605 531 3671; x_wconf 89' lang='lat' dir='ltr'>enim</span> <span class='ocrx_word' id='word_1_264' title='bbox 553 3604 605 3671; x_wconf 85' lang='lat' dir='ltr'>vix</span> <span class='ocrx_word' id='word_1_265' title='bbox 631 3604 729 3672; x_wconf 91' lang='lat' dir='ltr'>habes</span> <span class='ocrx_word' id='word_1_266' title='bbox 759 3605 814 3689; x_wconf 87' lang='lat' dir='ltr'>qui</span> <span class='ocrx_word' id='word_1_267' title='bbox 835 3604 937 3688; x_wconf 90' lang='lat' dir='ltr'>possit</span> <span class='ocrx_word' id='word_1_268' title='bbox 962 3603 1110 3685; x_wconf 86' lang='lat' dir='ltr'>intellegi,</span> <span class='ocrx_word' id='word_1_269' title='bbox 1139 3605 1224 3686; x_wconf 91' lang='lat' dir='ltr'>quod</span> <span class='ocrx_word' id='word_1_270' title='bbox 1253 3608 1405 3688; x_wconf 88' lang='lat' dir='ltr'>quattuor</span> 
     </span>
     <span class='ocr_line' id='line_1_30' title="bbox 178 3715 1406 3802; baseline -0.002 -18"><span class='ocrx_word' id='word_1_271' title='bbox 178 3720 302 3784; x_wconf 85' lang='lat' dir='ltr'>tantum</span> <span class='ocrx_word' id='word_1_272' title='bbox 324 3716 542 3802; x_wconf 90' lang='lat' dir='ltr'>sophronistae</span> <span class='ocrx_word' id='word_1_273' title='bbox 555 3717 640 3782; x_wconf 93' lang='lat' dir='ltr'>-in</span> <span class='ocrx_word' id='word_1_274' title='bbox 655 3717 926 3800; x_wconf 81' lang='lat' dir='ltr'>systremmatibus</span> <span class='ocrx_word' id='word_1_275' title='bbox 948 3719 996 3782; x_wconf 90' lang='lat' dir='ltr'>tot</span> <span class='ocrx_word' id='word_1_276' title='bbox 1018 3732 1239 3799; x_wconf 88' lang='lat' dir='ltr'>nonuunquam</span> <span class='ocrx_word' id='word_1_277' title='bbox 1255 3715 1406 3796; x_wconf 89' lang='lat' dir='ltr'>adscripti</span> 
     </span>
     <span class='ocr_line' id='line_1_31' title="bbox 177 3827 1405 3910; baseline -0.002 -16"><span class='ocrx_word' id='word_1_278' title='bbox 177 3828 380 3895; x_wconf 89' lang='lat' dir='ltr'>inveniuntur</span> <span class='ocrx_word' id='word_1_279' title='bbox 402 3865 444 3877; x_wconf 93' lang='lat'><em>—</em></span> <span class='ocrx_word' id='word_1_280' title='bbox 466 3833 681 3906; x_wconf 85' lang='lat' dir='ltr'>recensentur,</span> <span class='ocrx_word' id='word_1_281' title='bbox 704 3845 774 3895; x_wconf 91' lang='lat' dir='ltr'>cum</span> <span class='ocrx_word' id='word_1_282' title='bbox 797 3845 921 3910; x_wconf 88' lang='lat' dir='ltr'>semper</span> <span class='ocrx_word' id='word_1_283' title='bbox 953 3827 1017 3892; x_wconf 90' lang='lat' dir='ltr'>sint</span> <span class='ocrx_word' id='word_1_284' title='bbox 1048 3843 1103 3893; x_wconf 83' lang='lat' dir='ltr'>sex</span> <span class='ocrx_word' id='word_1_285' title='bbox 1133 3845 1272 3894; x_wconf 89' lang='lat' dir='ltr'>numero.</span> <span class='ocrx_word' id='word_1_286' title='bbox 1316 3827 1405 3892; x_wconf 93' lang='lat' dir='ltr'>Idem</span> 
     </span>
     <span class='ocr_line' id='line_1_32' title="bbox 178 3936 1405 4022; baseline -0.002 -16"><span class='ocrx_word' id='word_1_287' title='bbox 178 3940 312 4022; x_wconf 90' lang='lat' dir='ltr'>denique</span> <span class='ocrx_word' id='word_1_288' title='bbox 324 3939 493 4008; x_wconf 89' lang='lat' dir='ltr'>Cithaeron</span> <span class='ocrx_word' id='word_1_289' title='bbox 507 3937 706 4007; x_wconf 83' lang='lat' dir='ltr'>Cithaeronis</span> <span class='ocrx_word' id='word_1_290' title='bbox 728 3939 771 4005; x_wconf 89' lang='lat' dir='ltr'>fil.</span> <span class='ocrx_word' id='word_1_291' title='bbox 793 3938 1002 4007; x_wconf 88' lang='lat' dir='ltr'>Acharnensis</span> <span class='ocrx_word' id='word_1_292' title='bbox 1025 3958 1088 4004; x_wconf 91' lang='grc'>555</span> <span class='ocrx_word' id='word_1_293' title='bbox 1110 3957 1181 4005; x_wconf 88' lang='lat' dir='ltr'>oum</span> <span class='ocrx_word' id='word_1_294' title='bbox 1204 3936 1405 4005; x_wconf 79' lang='grc'><strong>1551555555-</strong></span> 
     </span>
     <span class='ocr_line' id='line_1_33' title="bbox 177 4045 1405 4136; baseline -0.003 -18"><span class='ocrx_word' id='word_1_295' title='bbox 177 4057 270 4136; x_wconf 89' lang='lat' dir='ltr'>paret</span> <span class='ocrx_word' id='word_1_296' title='bbox 286 4051 381 4119; x_wconf 91' lang='lat' dir='ltr'>etiam</span> <span class='ocrx_word' id='word_1_297' title='bbox 402 4051 435 4117; x_wconf 93' lang='lat' dir='ltr'>in</span> <span class='ocrx_word' id='word_1_298' title='bbox 458 4051 506 4117; x_wconf 87' lang='lat' dir='ltr'>tit.</span> <span class='ocrx_word' id='word_1_299' title='bbox 532 4048 594 4117; x_wconf 78' lang='grc'><strong>(151.</strong></span> <span class='ocrx_word' id='word_1_300' title='bbox 613 4052 668 4132; x_wconf 91' lang='lat' dir='ltr'>IV,</span> <span class='ocrx_word' id='word_1_301' title='bbox 686 4051 758 4133; x_wconf 91' lang='grc'>272,</span> <span class='ocrx_word' id='word_1_302' title='bbox 779 4055 797 4116; x_wconf 87' lang='grc'><strong>3</strong></span> <span class='ocrx_word' id='word_1_303' title='bbox 821 4056 863 4130; x_wconf 90' lang='lat' dir='ltr'>(a.</span> <span class='ocrx_word' id='word_1_304' title='bbox 885 4045 970 4134; x_wconf 86' lang='grc'><strong>192),</strong></span> <span class='ocrx_word' id='word_1_305' title='bbox 1000 4049 1053 4117; x_wconf 93' lang='lat' dir='ltr'>ille</span> <span class='ocrx_word' id='word_1_306' title='bbox 1074 4049 1199 4130; x_wconf 93' lang='lat' dir='ltr'>quidem</span> <span class='ocrx_word' id='word_1_307' title='bbox 1220 4050 1405 4133; x_wconf 85' lang='lat' dir='ltr'>hypogram-</span> 
     </span>
     <span class='ocr_line' id='line_1_34' title="bbox 177 4162 717 4246; baseline -0.004 -18"><span class='ocrx_word' id='word_1_308' title='bbox 177 4167 311 4246; x_wconf 84' lang='lat' dir='ltr'>matous,</span> <span class='ocrx_word' id='word_1_309' title='bbox 334 4162 386 4230; x_wconf 94' lang='lat' dir='ltr'>hio</span> <span class='ocrx_word' id='word_1_310' title='bbox 408 4163 513 4229; x_wconf 84' lang='lat' dir='ltr'>scriba</span> <span class='ocrx_word' id='word_1_311' title='bbox 534 4167 717 4245; x_wconf 88' lang='lat' dir='ltr'>perpetuus.</span> 
     </span>
    </p>

    <p class='ocr_par' dir='ltr' id='par_1_6' title="bbox 179 4271 1407 4697">
     <span class='ocr_line' id='line_1_35' title="bbox 263 4271 1406 4354; baseline 0.001 -17"><span class='ocrx_word' id='word_1_312' title='bbox 263 4271 320 4338; x_wconf 74' lang='lat' dir='ltr'>Aa</span> <span class='ocrx_word' id='word_1_313' title='bbox 340 4297 372 4338; x_wconf 86' lang='lat' dir='ltr'>a.</span> <span class='ocrx_word' id='word_1_314' title='bbox 398 4273 468 4339; x_wconf 83' lang='lat'><strong><em>153.</em></strong></span> <span class='ocrx_word' id='word_1_315' title='bbox 513 4273 651 4340; x_wconf 89' lang='lat' dir='ltr'>Titulum</span> <span class='ocrx_word' id='word_1_316' title='bbox 675 4271 740 4337; x_wconf 79' lang='lat' dir='ltr'>del.</span> <span class='ocrx_word' id='word_1_317' title='bbox 764 4273 819 4349; x_wconf 86' lang='lat' dir='ltr'>IV,</span> <span class='ocrx_word' id='word_1_318' title='bbox 842 4277 913 4354; x_wconf 87' lang='grc'><strong>265,</strong></span> <span class='ocrx_word' id='word_1_319' title='bbox 939 4278 952 4337; x_wconf 94' lang='grc'>1</span> <span class='ocrx_word' id='word_1_320' title='bbox 978 4273 1060 4340; x_wconf 94' lang='lat' dir='ltr'>hunc</span> <span class='ocrx_word' id='word_1_321' title='bbox 1081 4272 1114 4338; x_wconf 93' lang='lat' dir='ltr'>in</span> <span class='ocrx_word' id='word_1_322' title='bbox 1137 4291 1253 4338; x_wconf 88' lang='lat' dir='ltr'>annum</span> <span class='ocrx_word' id='word_1_323' title='bbox 1282 4290 1406 4339; x_wconf 88' lang='lat' dir='ltr'>revoca-</span> 
     </span>
     <span class='ocr_line' id='line_1_36' title="bbox 180 4383 1406 4466; baseline -0.002 -14"><span class='ocrx_word' id='word_1_324' title='bbox 180 4387 282 4453; x_wconf 81' lang='lat' dir='ltr'>vimus</span> <span class='ocrx_word' id='word_1_325' title='bbox 304 4403 343 4451; x_wconf 84' lang='lat' dir='ltr'>ex</span> <span class='ocrx_word' id='word_1_326' title='bbox 365 4385 553 4453; x_wconf 87' lang='lat' dir='ltr'>coniectura.</span> <span class='ocrx_word' id='word_1_327' title='bbox 605 4383 776 4451; x_wconf 88' lang='lat' dir='ltr'>Abascanti</span> <span class='ocrx_word' id='word_1_328' title='bbox 804 4401 905 4448; x_wconf 93' lang='lat' dir='ltr'>annus</span> <span class='ocrx_word' id='word_1_329' title='bbox 934 4383 978 4450; x_wconf 92' lang='lat' dir='ltr'>ibi</span> <span class='ocrx_word' id='word_1_330' title='bbox 1005 4403 1068 4448; x_wconf 93' lang='lat' dir='ltr'>non</span> <span class='ocrx_word' id='word_1_331' title='bbox 1098 4383 1223 4466; x_wconf 91' lang='lat' dir='ltr'>quidem</span> <span class='ocrx_word' id='word_1_332' title='bbox 1250 4383 1406 4450; x_wconf 85' lang='lat' dir='ltr'>indicatur</span> 
     </span>
     <span class='ocr_line' id='line_1_37' title="bbox 182 4491 1407 4582; baseline -0.007 -18"><span class='ocrx_word' id='word_1_333' title='bbox 182 4497 238 4564; x_wconf 92' lang='lat' dir='ltr'>sed</span> <span class='ocrx_word' id='word_1_334' title='bbox 260 4500 422 4580; x_wconf 88' lang='lat' dir='ltr'>comparet</span> <span class='ocrx_word' id='word_1_335' title='bbox 441 4496 485 4563; x_wconf 93' lang='lat' dir='ltr'>ibi</span> <span class='ocrx_word' id='word_1_336' title='bbox 512 4496 595 4562; x_wconf 89' lang='lat' dir='ltr'>inter</span> <span class='ocrx_word' id='word_1_337' title='bbox 617 4500 773 4562; x_wconf 90' lang='lat' dir='ltr'>cosmetae</span> <span class='ocrx_word' id='word_1_338' title='bbox 795 4493 1020 4578; x_wconf 88' lang='lat' dir='ltr'>synarohontes</span> <span class='ocrx_word' id='word_1_339' title='bbox 1045 4492 1103 4579; x_wconf 90' lang='lat' dir='ltr'>(vs.</span> <span class='ocrx_word' id='word_1_340' title='bbox 1121 4499 1148 4560; x_wconf 92' lang='grc'>2.</span> <span class='ocrx_word' id='word_1_341' title='bbox 1170 4495 1201 4577; x_wconf 87' lang='grc'>3)</span> <span class='ocrx_word' id='word_1_342' title='bbox 1220 4491 1407 4582; x_wconf 56' lang='lat' dir='ltr'>metheca&lt;</span> 
     </span>
     <span class='ocr_line' id='line_1_38' title="bbox 179 4605 1403 4697; baseline -0.002 -24"><span class='ocrx_word' id='word_1_343' title='bbox 179 4605 1403 4697; x_wconf 66' lang='grc'><strong>’155555555511555515551555,5555151155555155555155555555555155,</strong></span> 
     </span>
    </p>
   </div>
   <div class='ocr_carea' id='block_1_3' title="bbox 0 0 1714 5340">
    <p class='ocr_par' dir='ltr' id='par_1_7' title="bbox 0 0 1714 5340">
     <span class='ocr_line' id='line_1_39' title="bbox 0 0 1714 5340; baseline 0 1"><span class='ocrx_word' id='word_1_344' title='bbox 0 0 1714 5340; x_wconf 95' lang='lat' dir='ltr'> </span> 
     </span>
    </p>
   </div>
  </div>
 </body>
</html>
