3436 5326
675 405 907 468 -139-

264 589 376 655 Restat
399 593 434 656 nt
455 588 494 656 de
517 587 648 672 singulis
670 587 839 656 videamus.
885 588 975 670 Quod
997 589 1181 675 priusquam
1203 591 1329 675 faciam,
1351 594 1403 660 ad-

178 704 253 766 noto
276 698 342 766 iere
364 699 469 766 omnia
489 699 567 766 haec
588 699 773 768 archontum
795 699 921 768 nomina
936 701 1146 790 occurrerem
1161 704 1294 770 nummis
1309 704 1404 774 Athe·

178 811 334 877 niensium
357 811 440 892 apud
455 809 553 878 Beule
578 811 642 878 »les
664 811 825 878 monnaies
848 810 1055 888 d'Athbnesr3
1077 814 1161 896 quod
1184 832 1241 882 suo
1264 815 1331 884 loco
1353 833 1404 883 us-

178 940 240 1002 que
268 921 422 988 indicabo.
475 921 557 988 Sane
586 922 640 987 alii
673 921 799 1003 quidem
829 923 1014 990 archontum
1047 943 1270 1008 eponymorum
1302 945 1340 993 ea
1372 927 1403 994 in

179 1033 315 1100 nummis
337 1033 428 1100 obvia
450 1033 588 1112 nomina,
618 1033 670 1100 alii
692 1039 798 1100 autem
820 1034 987 1102 voluerunt
1008 1035 1238 1117 praefectorum
1261 1043 1404 1106 monetae

179 1163 264 1210 esse:
288 1163 349 1210 non
371 1144 496 1228 ign0r03
525 1162 627 1225 neque
649 1143 730 1227 fugit
753 1163 802 1212 me
824 1145 965 1212 Eckhelii
987 1148 1156 1225 sententia,
1186 1150 1329 1216 omnibus
1351 1150 1404 1216 nd·

179 1261 288 1322 curate
319 1257 461 1339 expensis
492 1256 569 1322 nihil
598 1255 759 1339 probabile
785 1257 843 1324 hac
870 1257 910 1324 de
936 1277 970 1324 re
1000 1257 1114 1326 adferri
1142 1278 1243 1342 posse.
1288 1261 1404 1328 Tamen

178 1374 302 1443 censeo,
325 1368 351 1433 si
373 1367 619 1450 quotiescunque
642 1367 826 1435 archontum
848 1369 1044 1452 quorundam
1069 1370 1194 1436 nomina
1215 1372 1248 1436 in
1270 1373 1404 1438 nummis

180 1480 315 1546 redeant
343 1479 493 1545 adcurate
515 1479 548 1544 id
571 1497 694 1561 semper
715 1483 858 1546 notatum
881 1480 959 1562 crit,
988 1481 1113 1548 tandem
1139 1481 1306 1564 aliquando
1337 1481 1403 1550 lore

178 1597 215 1656 ut
238 1591 333 1657 etiam
355 1589 428 1656 huic
451 1590 497 1656 rei
519 1589 572 1656 lux
594 1589 763 1656 adferatur.

264 1699 321 1764 Ad
341 1725 369 1766 a.
394 1703 445 1766 12:
467 1701 561 1785 periit
582 1721 695 1769 nomen
717 1721 774 1769 nec
798 1703 924 1770 aliunde
946 1709 1078 1772 constat.

266 1811 321 1878 Ad
343 1837 372 1879 ο.
398 1816 447 1880 13.
492 1816 572 1882 Item
594 1833 706 1882 nomen
735 1816 842 1898 periit,
871 1820 905 1881 at
926 1816 1052 1882 restitui
1081 1835 1173 1899 posse
1201 1833 1322 1883 censeo.
1367 1817 1404 1882 In

180 1924 273 1992 titulo
301 1926 385 2011 (Deli
415 1923 552 2010 Atticae)
581 1926 616 1993 O.
647 1928 671 1994 Ι.
702 1931 786 1992 2295
814 1927 946 2010 legitur:
978 1925 1071 1997 Γαίος
1103 1925 1133 1990 Γ
1128 1925 1197 1992 αΐου
1231 1924 1403 2017 Ἀχαρνεύς,

178 2036 283 2122 ἱερεὺς
310 2035 479 2121 γενόμενος
505 2037 537 2101 ἐν
567 2045 613 2124 τῷ
641 2037 689 2102 ἐπὶ
718 2036 852 2102 Ναυοίου
881 2037 1032 2127 ἄρχοντος
1059 2038 1191 2124 ἐνιαυτῷ
1220 2039 1280 2102 κτλ.
1324 2037 1403 2104 Cum

178 2149 358 2216 nereidem
384 2150 475 2216 homo
504 2150 536 2214 in
564 2150 613 2216 tit.
637 2148 672 2216 O.
696 2150 721 2214 Ι.
747 2153 830 2218 2296
860 2149 1058 2232 praedicetur
1088 2148 1211 2234 »ἱερεὺς
1238 2148 1404 2233 γενόμενος

178 2257 211 2322 ἐν
235 2266 282 2344 τῷ
305 2257 353 2322 ἐπὶ
367 2257 525 2323 Διονυσίου
549 2261 603 2323 τοῦ
623 2259 704 2345 μετὰ
718 2259 867 2324 Λυκίσκον
889 2259 1041 2348 ἄρχοντος
1055 2257 1221 2346 ἐνιαυτῷ,ι
1246 2261 1297 2325 vix
1311 2260 1403 2326 nimis

179 2373 283 2438 audax
306 2371 428 2452 videar,
458 2371 485 2436 si
510 2371 660 2438 Nausiam
688 2371 817 2454 Lycisco
845 2375 877 2438 et
902 2371 1051 2455 Dionysio
1077 2370 1277 2438 archontibus
1303 2371 1399 2454 prori-

178 2501 263 2548 mum
286 2481 492 2548 antecessisse
515 2481 616 2548 uelim.
655 2482 767 2565 ltaque
788 2481 819 2546 in
842 2481 952 2548 tabula
975 2499 1072 2565 supra
1092 2482 1249 2564 descripta
1263 2481 1304 2548 ad
1319 2500 1346 2548 a.
1364 2487 1402 2548 13

177 2593 312 2660 restitui.

262 2701 319 2767 Ad
335 2727 363 2769 a.
382 2706 432 2770 ll.
466 2702 670 2773 Λυκίσκος.
704 2703 751 2769 De
765 2702 824 2768 hoc
840 2720 935 2786 supra
950 2704 1012 2770 iam
1028 2703 1171 2770 diximus.
1206 2705 1403 2771 Idemctiam

178 2815 262 2898 apud
286 2814 486 2881 Pittalrisium
508 2813 598 2881 l'anc.
622 2811 763 2880 Athenes
784 2832 855 2896 pag.
879 2817 955 2880 512:
984 2814 1012 2876 oi
1034 2814 1254 2900 ἱεροποιοὶ-οἳ
1276 2813 1324 2878 ἐπὶ
1345 2814 1402 2878 Λυ-

178 2925 281 2989 κίσκου
303 2923 462 3012 ἄρχοντος.
501 2925 588 2992 Idem
612 2925 745 3008 denique
766 2924 859 2990 homo
881 2925 912 2990 in
935 2943 1062 2992 nummo
1079 2924 1190 2991 Athen.
1207 2926 1290 3008 apud
1306 2925 1403 2992 Bcule

177 3037 197 3102 l.
219 3037 240 3102 l.
263 3055 334 3118 pag.
354 3040 424 3102 360.
448 3072 489 3083 -
511 3035 624 3102 Nescio
647 3055 686 3101 an
708 3035 856 3101 momenti
875 3034 917 3101 sit
942 3035 1026 3117 quod
1048 3034 1128 3102 Delii
1151 3035 1234 3101 tituli
1255 3055 1316 3102 non
1339 3055 1403 3102 om-

177 3167 232 3215 nes
255 3149 386 3215 eandem
408 3147 563 3230 temporis
585 3147 686 3212 notati
700 3146 865 3213 formulam
880 3146 912 3212 in
928 3145 1130 3229 praescriptis
1145 3165 1220 3230 prae
1236 3165 1270 3214 se
1285 3145 1402 3213 ferunt:

177 3371 361 3454 ἐνιαυτῷ.
406 3371 486 3436 Item
516 3370 548 3434 in
571 3368 605 3434 C.
629 3369 653 3434 I.
677 3373 776 3436 2295:
805 3367 844 3431 ἐν
875 3365 930 3454 τῷ
959 3370 1017 3432 ἐπὶ
1046 3367 1181 3432 Ναυοίου
1212 3369 1404 3458 ἄρχοντος

177 3480 361 3566 ἐνιαυτῷ.
405 3479 488 3548 Item
515 3480 547 3546 in
570 3478 605 3545 O.
628 3481 652 3544 I.
677 3483 774 3544 2287:
804 3477 843 3542 ἐν
872 3475 929 3564 τῷ
958 3477 1017 3542 ἐπὶ
1040 3477 1190 3567 Ζήνωνος
1211 3478 1404 3568 ἄρχοντος

176 3593 362 3678 ἐνιαυτῷ;
392 3597 501 3659 eontra
528 3591 560 3656 in
589 3589 624 3656 O.
647 3591 671 3656 Ι.
696 3595 795 3655 2270:
825 3589 883 3654 ἐπὶ
908 3586 1116 3680 Ἀρισταίχμου
1139 3588 1342 3679 ἄρχοντος;
1371 3591 1403 3656 in

177 3704 209 3770 O.
233 3705 258 3771 Ι.
283 3709 382 3769 2271:
405 3702 466 3766 ἐπὶ
490 3700 639 3789 Φαιδρίου
663 3700 858 3790 ἄρχοντος.
902 3702 1006 3768 Paene
1028 3701 1213 3768 crediderim
1235 3701 1320 3766 illam
1342 3699 1404 3767 for·

175 3815 293 3882 mulam
323 3833 382 3880 usu
412 3813 535 3881 venisse
565 3833 603 3879 ex
631 3831 692 3894 quo
720 3811 816 3878 Delus
848 3812 951 3878 insula
978 3811 1215 3878 Atheniensium
1249 3810 1404 3878 cleruchia

177 3926 262 3993 iacta
284 3926 342 4008 sit3
365 3930 397 3992 et
419 3923 595 4008 significare
618 3923 744 3990 videtur
766 3941 828 3989 non
844 3925 901 3990 srrb
916 3924 984 4006 ipso
1000 3924 1135 4008 quodam
1151 3923 1300 3990 archonte
1315 3923 1403 4006 quid·

178 4037 250 4102 dam
273 4037 435 4102 decretum
465 4041 522 4102 aut
549 4035 667 4102 factum
694 4051 763 4101 esse
793 4034 848 4100 sed
876 4036 981 4118 potius
1011 4054 1046 4100 eo
1075 4053 1157 4100 anno
1185 4053 1247 4116 quo
1277 4034 1327 4100 hic
1353 4035 1405 4100 ille

177 4148 293 4213 archon
316 4147 410 4214 fuerit
432 4147 578 4226 Athenis;
609 4148 724 4230 quippe
752 4147 970 4230 inscriptiones
1000 4146 1072 4212 illae
1099 4147 1139 4213 ab
1162 4146 1404 4214 Atheniensibus

175 4260 206 4323 in
231 4257 334 4324 insula
355 4258 570 4325 habitantibus
593 4255 881 4350 proficiscebantur.
919 4257 1006 4337 Quae
1029 4257 1205 4324 observatio
1228 4277 1265 4325 ea
1288 4277 1322 4324 re
1344 4257 1404 4325 for·

175 4374 260 4436 tasse
292 4369 435 4436 firmatur
464 4369 549 4452 quod
580 4370 673 4434 ctiam
703 4369 735 4434 in
758 4368 793 4434 G.
816 4370 840 4434 l.
864 4374 925 4434 265
952 4368 1082 4452 legitur:
1111 4369 1139 4430 oi
1168 4367 1404 4456 ἐφηβεύοοντες

175 4478 214 4542 ἐν
239 4487 293 4566 τῷ
314 4479 372 4543 ἐπὶ
392 4479 552 4562 βασιλέως
574 4477 771 4568 Ῥοιμῃτιίλκα
794 4479 984 4568 ἄρχοντος
1011 4477 1191 4564 ἐνιαυτῷ,
1223 4481 1276 4548 ubi
1306 4482 1401 4564 signi-

173 4589 284 4664 ficetur
313 4610 418 4680 regem
447 4593 698 4684 Rhoemetalcam
727 4592 851 4664 nomine
879 4592 1004 4681 quidem
1032 4611 1068 4661 eo
1100 4610 1181 4660 anno
1213 4569 1402 4676 archontem
