3436 5326
846 1245 925 1336 XX.

600 1454 985 1547 PhbeTiiIBhRUM
1014 1455 1064 1547 SE
1078 1455 1178 1554 tius.

276 1670 362 1761 Satis
378 1714 416 1759 ex
437 1693 523 1757 hisce
546 1692 856 1757 commentationibus
879 1697 1074 1774 perspectum
1099 1699 1147 1757 est
1168 1697 1320 1774 quantum
1343 1692 1507 1758 conferant

274 1808 314 1872 ad
337 1803 567 1883 chronologiam
589 1803 812 1884 imperatorum
836 1805 947 1868 aetatis
970 1803 1228 1880 constituendam,
1251 1805 1446 1886 potissimum
1463 1805 1503 1870 ad

276 1917 460 1983 archontum
484 1933 582 1979 annos
604 1911 803 1990 definiendas,
826 1915 1027 1995 paedotribae
1050 1917 1079 1979 in
1096 1915 1253 1997 ephebicis
1268 1915 1368 1982 titulis
1383 1935 1506 1982 corune-

274 2029 401 2107 rnorati‚
428 2027 450 2091 ii
472 2025 612 2109 inprimis
635 2027 688 2107 qui
711 2033 767 2092 aut
789 2027 893 2109 plures
914 2047 969 2109 per
991 2046 1089 2092 annos
1112 2033 1168 2092 aui
1189 2047 1245 2109 per
1267 2028 1350 2092 vitae
1379 2033 1502 2109 tempus

275 2159 403 2206 inuuere
426 2137 609 2220 funguntur.
654 2139 765 2219 Itaque
787 2138 866 2204 haut
887 2137 998 2203 inutile
1021 2157 1089 2202 esse
1112 2143 1200 2202 ratus
1222 2138 1383 2218 adcurate,
1406 2156 1504 2218 quan-

275 2258 341 2317 tum
364 2249 432 2314 fieri
454 2249 571 2331 potuit,
602 2247 772 2313 confectam
797 2254 829 2314 ot
850 2250 940 2313 annis
964 2249 1147 2331 dispositam
1176 2249 1429 2331 paedotribarum
1457 2268 1505 2312 se-

274 2363 352 2448 riern
376 2381 413 2426 ex
435 2361 658 2442 imperatorum
684 2364 787 2425 aetate
810 2360 860 2425 hic
883 2361 1048 2440 exhibebo,
1071 2361 1272 2426 archontibus
1295 2361 1503 2444 cosnretisque

274 2472 450 2553 adscriptis.
491 2470 618 2551 omitto,
642 2489 711 2535 cum
735 2490 845 2552 parurn
869 2471 907 2536 de
924 2491 1031 2537 eorum
1048 2477 1151 2536 aetate
1168 2476 1297 2551 constet,
1323 2470 1423 2535 Φίλιον
1438 2471 1502 2534 Διο-

274 2585 384 2653 κλέους
407 2581 584 2667 Φρεάρριον
608 2580 655 2663 (C.
680 2582 704 2646 Ι.
723 2586 782 2645 255
808 2581 937 2662 Ephom.
961 2583 1046 2647 arch.
1067 2587 1157 2648 1384.
1192 2583 1305 2647 Pittah.
1323 2583 1411 2648 l’anc.
1428 2584 1501 2648 Aih.

273 2717 343 2781 pag.
368 2699 429 2758 466
453 2689 612 2778 'Eropum
637 2692 739 2755 dve'rd.
766 2698 857 2773 1860,
881 2692 1049 2778 φυλλιίὸων
1072 2695 1094 2756 οἱ
1115 2714 1164 2758 no.
1192 2696 1253 2776 14),
1277 2693 1378 2756 Φίλιον
1401 2692 1502 2757 Φιλίου

275 2808 432 2892 νεώτερον
457 2803 636 2891 Φρεάρριον
659 2812 691 2870 ci
716 2801 936 2892 Ἀπολλωνίδου
962 2801 1139 2892 Φρεάρριον
1164 2806 1299 2888 (Philish
1317 2806 1358 2881 ΙΙ,
1384 2807 1466 2887 187).

733 3031 1038 3042 -—.—...-—--

378 3265 610 3357 θηβυγένης
631 3270 690 3332 καὶ
714 3269 923 3356 Θεόδωρος
946 3270 981 3332 oi
1004 3265 1200 3356 Ἰρηνιιίου
1221 3263 1400 3353 Ἕρμειοι

296 3420 327 3472 41
348 3434 372 3483 P·
393 3414 452 3468 Chr.
472 3414 507 3482 (λ)
563 3412 654 3498 Corp.
678 3414 779 3478 Inscr.
803 3419 875 3481 265.

641 3528 775 3594 Archon.
797 3527 947 3610 ΙΒασιλεὺς
964 3522 1181 3615 Ἱίιιμητιίλκιις

642 3638 787 3705 Cosmeta
810 3641 907 3705 deest..

560 3750 606 3815 De
628 3770 709 3818 anno
732 3751 888 3833 conferas,
916 3770 997 3835 quae
1019 3769 1090 3835 pag.
1117 3756 1172 3816 141
1200 3751 1342 3816 diximus.

375 3911 575 3997 Διότιμος.

453 4190 495 4241 44.
562 4175 732 4240 secundum
755 4193 783 4239 a.
908 4173 1022 4238 desunt

453 4299 495 4354 45.
563 4285 688 4350 tertium
711 4305 739 4350 a.

564 4391 654 4481 (dorp.
678 4395 779 4462 Iacer.
803 4398 876 4460 982.
922 4393 1090 4461 Philoton
1114 4393 1174 4476 IV,
1199 4396 1247 4460 73.

641 4507 734 4573 Arch.
759 4502 952 4593 Ἀντίπατρος

643 4619 744 4686 Coum.
766 4619 872 4683 Κλέων
895 4616 1089 4690 Μενεσθέως.

455 4077 496 4130 43.
563 4062 696 4142 primurn
714 4081 839 4128 annum.
869 4061 991 4268 ltituli
