3418 5340
701 393 916 457 ..37-

192 576 254 646 etsi
273 576 358 646 inter
377 581 499 646 ceteros
520 577 659 662 ephebos
680 577 827 663 deinceps
846 578 1018 648 recensitos
1039 597 1101 646 nou
1116 579 1256 662 redeant,
1272 598 1311 646 cx
1325 579 1418 664 ephe·

191 691 304 757 borum
325 690 390 756 sint
410 707 549 757 numero.
594 689 737 772 Denique
758 691 806 757 tit.
831 689 895 756 Φιλ.
918 691 974 771 IV,
997 695 1069 771 344,
1091 696 1121 757 4.
1145 690 1180 760 0.
1201 692 1225 762 L
1249 696 1322 772 272,
1345 697 1417 760 2⁷0.

193 800 258 867 Φιλ.
282 802 336 882 Ν,
359 805 431 883 265,
457 807 483 867 l.
506 801 562 881 IV,
586 805 657 882 164,
682 807 709 868 1.
729 796 794 888 Ἔφ.
817 801 887 892 epp.
912 805 995 870 3239
1024 801 1116 868 nimis
1145 805 1220 869 snut
1240 801 1358 885 mutili,
1380 803 1419 869 ti-

191 914 251 981 tuli
272 919 379 992 eutem
407 913 442 980 0.
465 914 492 980 1.
516 919 588 995 254,
617 917 679 980 255
710 919 767 994 (·--
783 909 850 1001 ’Ee
874 914 945 1004 ἀμχ.
969 911 1066 999 1384)
1096 932 1208 997 perum
1242 915 1420 996 argumenti

191 1026 345 1108 praebent
365 1043 461 1110 quem
481 1029 519 1092 ut
539 1025 579 1092 de
600 1025 848 1109 gymnasierehis
877 1025 931 1107 qui
960 1025 1006 1093 ibi
1033 1033 1305 1093 conmemorantur
1331 1031 1418 1094 certo

191 1137 226 1203 id
247 1137 349 1224 possit
369 1137 579 1203 demonstrari
601 1136 685 1220 quod
707 1137 860 1204 volumus.
894 1137 1090 1219 Quemquam
1111 1136 1157 1203 eis
1172 1137 1317 1204 omnibus
1338 1155 1421 1219 qnae

191 1265 291 1332 supra
310 1247 478 1314 attulimus
499 1247 655 1331 reputetis
676 1247 740 1313 iem
760 1265 802 1314 ne
822 1247 951 1314 minima
972 1246 1099 1329 quidem
1129 1246 1286 1316 dubitatio
1313 1253 1421 1331 potest

191 1363 314 1426 rmtare
358 1360 537 1448 quicunque
584 1359 617 1426 in
661 1358 821 1442 ephebicis
866 1359 968 1426 titulis
1014 1359 1221 1428 exhibeantur
1265 1361 1422 1445 fflmned-

191 1471 280 1538 nrchi
300 1471 359 1538 hos
386 1476 516 1539 cunctos
544 1470 728 1539 iudicandos
757 1489 827 1538 csse
856 1470 1009 1555 ephebos,
1039 1471 1264 1555 imperetorum
1291 1473 1418 1555 quidem

190 1586 306 1650 aetate.
351 1583 421 1664 Qun
454 1602 493 1649 cx
524 1587 629 1650 aetate
663 1599 771 1648 omnes
804 1582 866 1648 huc
899 1586 1078 1664 spectantes
1105 1583 1275 1665 ephebicos
1308 1583 1419 1652 titulos

191 1711 289 1776 supra
311 1695 568 1774 examinavimus,
590 1697 625 1760 at
645 1713 686 1762 ne
713 1712 810 1760 unum
838 1693 964 1777 quidem
998 1693 1260 1778 deprehendimus
1292 1696 1324 1762 in
1357 1713 1421 1777 quo

189 1806 446 1890 gymnusierchos
469 1823 539 1874 esse
568 1823 631 1872 non
662 1805 801 1886 ephebos
830 1805 899 1871 veri
930 1805 1032 1872 simile
1065 1805 1156 1872 reddi
1187 1807 1304 1874 nedum
1336 1811 1422 1873 certo

189 1917 290 1984 statui
320 1919 432 2002 possit.
477 1917 588 2002 Neque
617 1921 775 2002 repugnet
803 1917 895 1985 Teles
924 1936 974 2002 ep.
997 1917 1167 1986 Stobaeum
1194 1917 1262 1989 tior.
1285 1925 1335 2001 98,
1365 1924 1422 1985 72:

195 2026 341 2118 »ἔφηβος
373 2029 510 2113 γέγονεν·
550 2027 678 2114 ἔμπαλιν
711 2023 764 2097 τάν
796 2030 952 2119 κοσμητὴν
984 2030 1130 2116 φοβεῖται
1147 2077 1338 2100 ..........
1371 2026 1422 2096 τὸν

191 2140 434 2232 γυμνασίαρχον.
457 2142 517 2207 ὑπὸ
540 2143 665 2206 πάντων
687 2141 805 2206 τούτων
824 2145 1037 2227 μαστιγοῦται,
1060 2145 1293 2232 πορατημεῖται,
1311 2167 1421 2234 τροχη-

191 2250 336 2329 λίζεται,ι
373 2253 402 2320 si
433 2254 561 2336 quidem
592 2271 632 2319 ea
663 2253 760 2320 verbe
792 2272 855 2321 non
893 2253 999 2336 potius
1033 2253 1074 2320 ed
1106 2254 1263 2322 vetustius
1295 2259 1420 2338 tempus

191 2369 348 2446 spectum.
395 2364 471 2432 Veri
493 2364 576 2430 enim
598 2367 648 2431 est
668 2363 769 2431 simile
790 2383 845 2432 cos
871 2384 910 2432 ex
936 2364 1065 2448 ephebis
1095 2364 1150 2446 qui
1178 2365 1244 2432 suis
1272 2366 1423 2448 impensis

192 2476 462 2560 gymnasiarchiae
484 2474 619 2544 officinm
640 2481 841 2559 praestarent
862 2476 956 2542 simul
977 2476 1048 2542 iure
1068 2477 1225 2558 quaedam
1240 2477 1422 2560 disciplinae

191 2589 226 2654 in
259 2593 381 2656 ceteros
410 2588 549 2672 ephebos
579 2586 790 2656 exercuisse.¹
834 2586 878 2654 nt
907 2605 945 2654 ea
976 2587 1102 2654 videtur
1134 2605 1204 2656 esse
1238 2607 1334 2656 causa
1366 2607 1423 2656 cnr

190 2700 422 2784 gymnasiarchi
443 2717 569 2782 semper
589 2699 654 2765 sint
674 2698 884 2766 Athenienses
906 2697 1034 2783 ephebis,
1056 2717 1229 2782 numquam
1255 2699 1422 2783 peregrini.

190 2812 313 2879 Horum
340 2815 447 2878 autem
476 2812 504 2878 si
540 2811 613 2895 quis
642 2814 787 2894 sumptus
815 2811 857 2877 ad
889 2810 993 2878 olcnm
1019 2811 1195 2892 parandum
1227 2813 1422 2894 praestabat,

190 2942 250 3007 pro
271 2941 348 2990 socc
368 2926 608 3012 γομνοσιαμχεῐν
638 2922 780 2990 adhibita
807 2921 933 2988 videtur
961 2939 1031 2988 csse
1056 2921 1242 3006 significatio
1272 2922 1419 3010 disiecto.

191 3034 320 3103 Etenim
351 3035 385 3101 in
413 3037 463 3101 tic
495 3032 561 3100 Φιλ.
590 3034 653 3115 lv,
683 3039 756 3114 458,
787 3040 802 3099 l
837 3033 1014 3100 invenimus
1045 3031 1195 3122 Φιλοκλῆς
1224 3032 1419 3104 Λευκονοεὺς

190 3146 471 3236 γνμνοσιαμχὴσος
487 3141 801 3233 Ἕλοφηβολιιῦνο-
824 3143 967 3232 Εὐμένης
989 3143 1154 3233 Φαληρεὺς
1175 3144 1420 3236 ἐγυμνασιάρχο-

191 3280 247 3322 σεν
268 3253 394 3346 ἡμέρας
415 3255 595 3333 δεκαπέντε,
623 3261 691 3322 inm
715 3259 866 3322 secuntur
886 3273 998 3322 novem
1025 3257 1260 3340 peregrinorum
1289 3257 1422 3341 ephebo·

189 3387 261 3436 rum
289 3369 428 3449 nomine,
450 3385 584 3450 quorum
609 3367 741 3450 singulis
763 3366 957 3450 adscriptum
988 3371 1038 3434 est
1064 3366 1234 3454 ἤλειφεν
1266 3365 1421 3458 ἡμέρας

191 3479 317 3544 πέντε.
360 3479 500 3546 Verbum
530 3476 668 3564 ἀλείφειν
694 3477 739 3545 ibi
765 3496 829 3544 uon
857 3483 964 3561 potest
992 3477 1185 3561 significare,
1219 3498 1333 3563 corpus
1360 3479 1421 3547 sibi

189 3592 258 3660 oleo
280 3608 432 3674 unguere,
454 3589 529 3671 quie
552 3588 644 3656 nliter
665 3589 804 3655 medinm
826 3589 958 3656 verbum
980 3589 1189 3657 desideratur.
1228 3591 1271 3656 Et
1292 3609 1366 3656 vcro
1387 3591 1420 3655 in

189 3702 292 3768 titulis
323 3701 436 3786 ephebi
467 3701 602 3768 audiunt
629 3719 754 3783 semper
780 3701 809 3764 oi
830 3695 1042 3788 ἀλειφόμενοι,
1074 3721 1137 3769 non
1169 3702 1198 3765 oi
1230 3699 1421 3785 ἀλείφοντες.

188 3813 362 3880 Praeterea
384 3812 522 3880 aoristus
543 3811 718 3879 offenderet
737 3831 800 3878 non
821 3812 925 3878 miuus
943 3817 1127 3893 quemuota
1143 3809 1419 3900 aequiparative«,

188 3924 259 4008 (per
273 3925 411 4007 quinque
427 3928 513 3990 totos
525 3925 616 4001 dies).
641 3923 704 3990 Sed
718 3924 746 3989 si
761 3923 957 4006 reputaveris
969 3923 1053 4006 qnod
1067 3924 1111 3990 ibi
1125 3921 1284 3990 antecedit
1299 3923 1317 3986 ὁ
1332 3921 1420 3986 δεῖνα

189 4033 479 4124 ἐγυμνασιάμχησεν
501 4031 626 4123 ἡμέρας
647 4033 832 4112 δεκαπέντε,
862 4035 940 4100 mihi
962 4034 1088 4119 quidem
1117 4053 1179 4100 non
1208 4037 1258 4100 cst
1290 4033 1419 4101 dubium

187 4148 263 4232 quin
286 4148 417 4216 verbnm
438 4147 580 4234 ἀλείφειν
594 4148 639 4216 ibi
653 4167 723 4216 cam
737 4147 800 4214 mm
814 4147 932 4215 huheet
945 4153 983 4214 ut
997 4145 1151 4230 significet
1172 4148 1209 4212 ol
1218 4164 1264 4212 eu
1273 4164 1305 4210 m
1324 4163 1418 4226 pro-

187 4259 329 4326 videre
351 4259 414 4328 vel
435 4277 582 4343 perere
590 4307 599 4343 ,
622 4259 688 4326 suis
711 4259 830 4327 seilicet
851 4259 1038 4342 sumptibus.
1063 4259 1175 4340 Itaque
1196 4243 1257 4324 uox
1279 4256 1418 4343 ἀλείφειν

187 4433 391 4444 μ..-

187 4609 241 4682 m
256 4526 266 4560 ¹
282 4527 357 4592 Quod
373 4525 481 4580 fortuma
497 4525 616 4596 colligere
633 4523 693 4579 lieet
710 4543 741 4579 ax
753 4527 783 4579 0.
801 4527 821 4578 1.
833 4527 893 4588 274,
910 4525 955 4578 ubi
972 4525 1076 4596 legitur:
1096 4522 1335 4595 ἐγυμναοιάμχησε
1353 4522 1419 4584 τοὺς

240 4610 318 4677 eoo<-
