3418 5340
799 363 1012 430 ...52...

493 547 583 638 βα[ις
602 549 650 618 καὶ
673 553 737 623 τοῖς
758 549 805 632 ἐν]
828 550 1007 638 Διαγε[1ει’ῳ
1031 550 1102 638 περὶ
1125 544 1236 620 αὐτοὺς

401 736 404 744 ,
432 691 434 694 ·
502 663 731 750 dedicandum<
752 667 840 744 π]ᾶσι
863 661 1081 743 ἐν[ΙΙλαταιαῖς

286 966 335 1068 Ida
364 1018 445 1082 quae
472 1006 622 1067 secuntur
649 1001 705 1083 qul
733 999 930 1066 restituenda
957 999 1020 1064 sint
1049 997 1141 1066 velim
1168 983 1516 1078 (1111111111111111111

286 1113 391 1195 Atque
412 1112 490 1178 haec
512 1111 551 1178 de
574 1109 906 1194 Sebastophoricorum
929 1109 1062 1176 aerario.

377 1223 458 1302 Quid
480 1241 555 1290 vero
577 1221 645 1289 vult
666 1220 719 1287 ille
743 1219 908 1304 »διάλογος
929 1217 962 1281 ἐν
984 1217 1199 1290 Hieronica?
1235 1219 1366 1286 Praeter
1381 1236 1419 1284 ea
1435 1235 1516 1299 quae

286 1335 381 1402 attuli
402 1334 566 1401 titulorum
588 1331 768 1400 testimonia
788 1331 867 1396 nihil
888 1330 947 1397 hac
969 1330 1008 1397 de
1029 1349 1064 1398 11
1087 1335 1219 1398 1111111.
1262 1331 1374 1410 Itaque
1397 1329 1515 1396 conice.

286 1452 428 1514 tutores
447 1443 641 1527 expedienda
662 1446 720 1524 est,
743 1443 770 1507 si
791 1440 859 1509 fieri
881 1447 995 1524 potest.
1033 1442 1116 1507 Ante
1139 1442 1243 1508 omnio
1264 1442 1332 1507 veri
1347 1442 1424 1508 sotis
1446 1459 1515 1506 esse

289 1556 390 1623 simile
411 1557 537 1622 videtur
559 1555 599 1622 de
629 1554 820 1622 sollennibus
849 1551 1038 1634 quibusdam
1069 1552 1209 1635 cogitare
1239 1571 1320 1635 quae
1347 1551 1515 1633 quotannis

288 1669 425 1752 Plataeis
448 1667 697 1734 celebrabantur.
735 1667 839 1747 Atque
859 1665 1118 1746 Dittenbergerus
1141 1663 1269 1747 quidem
1290 1663 1311 1728 l.
1333 1663 1355 1728 l.
1368 1673 1451 1745 pag.
1475 1667 1513 1726 72

287 1779 338 1864 dcx
352 1779 543 1846 Eleutheriis
564 1777 795 1844 Plataeensium
816 1777 955 1858 intellegi
982 1777 1051 1841 vult
1081 1775 1285 1857 »praesertim
1308 1791 1379 1842 cum
1401 1773 1515 1838 mirum

286 1881 379 1970 esset,
402 1891 429 1960 si
444 1891 539 1956 iidem
554 1889 676 1973 ephebi,
698 1889 752 1972 qui
768 1887 955 1954 Salaminiae
971 1891 1004 1954 et
1018 1887 1236 1954 Marathoniae
1251 1903 1429 1968 pugnarum
1452 1903 1515 1950 me-

288 2002 420 2068 moriam
442 2007 507 2066 tam
529 2001 580 2082 pie
595 2000 747 2080 colebant,
769 1999 882 2066 tertiae
893 1999 977 2065 illins
993 1999 1033 2064 de
1046 1999 1151 2066 Persis
1166 2002 1345 2081 reportatae
1360 1997 1514 2063 rationem

285 2111 402 2180 nullam
417 2112 630 2180 habuissent«
661 2112 712 2193 ‚At
727 2128 818 2178 sacra
839 2108 984 2192 testaque
999 2109 1032 2175 in
1048 2108 1236 2176 Salaminiae
1251 2113 1284 2176 et
1297 2107 1514 2174 Marathoniae

283 2243 461 2308 pugnarum
483 2223 663 2290 memoriam
691 2220 775 2288 facta
802 2239 925 2304 semper
953 2240 1064 2287 revera
1092 2225 1366 2288 conmemorantur
1391 2220 1425 2285 in
1451 2217 1513 2284 illis

284 2335 376 2418 primi
402 2354 432 2400 a.
455 2333 528 2400 Chr.
558 2333 677 2400 saeculi
705 2333 876 2416 plebiscitis
906 2330 1117 2416 (11111111
1145 2349 1216 2416 pag.
1241 2337 1290 2411 56,
1315 2337 1343 2398 1.
1366 2335 1395 2398 2.
1419 2335 1448 2396 3.
1470 2365 1514 2376 -

284 2451 356 2528 post
381 2464 452 2527 pag.
477 2450 534 2529 903
561 2449 633 2528 post
659 2463 731 2527 pag.
761 2445 854 2526 288),
885 2444 942 2510 sed
968 2463 1008 2512 ne
1037 2444 1134 2510 semel
1166 2444 1291 2526 quidem
1319 2441 1513 2522 Eleutheris,

285 2573 366 2639 quae
388 2557 415 2620 si
436 2575 546 2622 revera
568 2561 636 2622 tum
658 2555 816 2622 celebrata
837 2561 959 2636 esseut,
982 2573 1038 2622 cur
1060 2556 1104 2622 ibt
1119 2573 1291 2638 numquam
1305 2571 1514 2622 memoraren-

284 2673 338 2732 tur
359 2667 410 2732 rix
431 2671 538 2747 posset
565 2665 713 2748 expediri.
757 2666 869 2748 Itaque
897 2665 1002 2732 nescio
1031 2685 1071 2732 an
1098 2667 1137 2732 de
1165 2666 1356 2732 sollennibus
1386 2664 1514 2748 quibus-

284 2779 357 2844 dam
378 2779 602 2861 imperatorum
632 2777 756 2844 demum
786 2782 891 2844 aetate
920 2779 1072 2844 institutis
1102 2779 1303 2861 cogitandum
1325 2777 1377 2844 sit.
1422 2776 1512 2855 Quod

283 2893 320 2980 ut
340 2894 450 2971 putem
471 2908 509 2955 eo
529 2889 630 2972 magis
658 2907 784 2954 moveor
811 2889 886 2969 quia
912 2905 969 2969 pro
997 2906 1073 2956 voce
1101 2889 1224 2953 ἐκτῶν
1253 2888 1383 2972 cedaar.
1413 2885 1512 2973 ἐδόθη

283 2999 322 3064 ἐν
344 2998 554 3070 Πλαταιαῖς
574 2999 635 3066 κτλ.
660 2999 793 3084 legimus
821 3001 855 3068 in
882 3020 919 3069 eo
946 3020 1038 3084 quem
1060 3020 1157 3084 supra
1179 3003 1272 3068 attuli
1293 3003 1343 3070 tit.
1367 2999 1432 3066 dcl.
1456 2999 1510 3074 IV,

286 3115 358 3192 547,
383 3115 402 3176 2
426 3132 434 3174 :
458 3109 528 3181 τὰς
542 3109 816 3198 σεβασταφορικὰς
830 3112 927 3197 νομὰς
942 3115 1047 3184 πάσας
1068 3113 1131 3184 τὰς
1155 3113 1217 3178 διὰ
1238 3110 1512 3199 Πανελληνίων

285 3220 346 3286 κτλ.
368 3221 388 3286 i.
408 3240 435 3288 c.
459 3221 606 3290 donativa
628 3222 883 3306 sebastophorica
903 3243 985 3308 quac
1007 3225 1217 3292 Panhelleniis
1240 3224 1308 3290 deri
1330 3222 1432 3290 solent
1452 3226 1511 3289 cet.

283 3331 554 3399 Panhelleniorum
576 3352 651 3418 ergo
673 3331 754 3400 festo
775 3334 914 3401 Plataeis
937 3336 1049 3417 ephebi
1063 3334 1116 3402 illa
1138 3335 1287 3401 donativa
1304 3333 1509 3417 accipiebant.

281 3443 432 3510 Instituta
454 3449 560 3510 autem
582 3449 656 3510 sunt
673 3444 880 3524 ¹Panhellenia
902 3447 943 3514 ab
957 3447 1119 3513 Hadriano
1133 3437 1338 3529 imperatore:
1370 3446 1413 3510 Et
1434 3463 1510 3510 sane

279 3555 314 3620 in
335 3555 436 3622 titulis
458 3553 616 3638 ephebicis
638 3561 712 3624 aute
726 3557 923 3623 Hadrianum
946 3558 1072 3642 scriptis
1095 3577 1133 3624 ea
1149 3557 1348 3624 Plataeeneia
1363 3557 1511 3624 donativa

280 3684 343 3734 non
366 3674 647 3736 commemorantur.
685 3670 729 3735 At
749 3669 882 3735 Athenis
904 3668 1144 3736 celebrabantur
1166 3668 1377 3735 Panhellenia.
1417 3666 1508 3734 Sane.

281 3778 477 3862 Quamquam
505 3797 557 3846 res
586 3781 744 3846 conciliari
772 3784 879 3863 potest
905 3780 932 3846 si
960 3781 1006 3846 ita
1032 3783 1129 3848 moris
1155 3779 1253 3854 fuisse
1281 3797 1444 3846 censemus
1474 3783 1512 3844 ut

280 3890 392 3974 ephebi
419 3891 545 3974 quando
573 3891 705 3957 Athenis
732 3891 934 3958 Panhellenia
962 3892 1203 3960 celebrabantur
1229 3892 1376 3958 Plataeas
1403 3910 1510 3957 excur-

279 4001 821 4100 11111111111111111111111111111
856 4004 1007 4071 ducerent
1038 4005 1071 4072 in
1104 4004 1285 4072 memoriam
1314 4003 1510 4070 Plataeensis

278 4131 411 4212 pugnae,
432 4115 550 4198 quippe
572 4133 635 4198 qua
657 4133 790 4182 omnes
813 4114 962 4184 Graeci
984 4117 1023 4183 ab
1041 4117 1210 4184 Persarum
1232 4117 1362 4199 imperio
1383 4115 1510 4183 liberati

278 4230 392 4292 essent.
437 4227 527 4306 Quod
549 4227 576 4292 si
598 4245 708 4294 verum
730 4231 794 4304 est,
824 4227 1083 4295 Panhellenia
1109 4229 1214 4296 nescio
1242 4229 1318 4311 quid
1347 4247 1520 4295 commune.

277 4333 411 4403 fortasse
440 4337 619 4405 habuerunt
647 4357 717 4438 cum
747 4339 1030 4421 quinquennalibus
1060 4342 1122 4426 illia
1144 4340 1336 4407 Eleutheriis
1364 4358 1445 4421 quae
1468 4339 1508 4405 ab

277 4448 458 4514 omnibus
487 4447 651 4520 Graecis
680 4451 765 4534 apud
793 4451 939 4518 Plataeas
968 4453 1143 4536 agebantur
1162 4452 1235 4533 ’(01
1267 4452 1507 4520 11111111.

277 4557 310 4626 II
339 4576 408 4644 pag.
440 4564 499 4626 331
530 4558 628 4648 sqq.);
660 4561 753 4628 immo
782 4562 819 4630 fit
846 4565 912 4632 ueri
943 4565 1044 4631 similo
1066 4565 1262 4631 Hadrianum
1288 4565 1508 4649 imperatorem
