3436 5326
764 1461 824 1552 44.

378 1677 716 1772 4444444444.
746 1680 772 1790 4,
801 1697 878 1802 444,
910 1699 939 1778 3.
981 1681 1043 1795 nr,
1073 1691 1149 1795 444,
1180 1692 1210 1771 4.

186 1955 225 2048 In
252 1982 422 2066 Ρ1411144.Ι,
450 2003 481 2068 p.
498 1989 571 2061 384,
596 1988 614 2050 3
643 1984 706 2050 due
729 1983 920 2067 epheborum
943 1982 1182 2068 systremmeta¹
1205 1989 1418 2052 recensentur.
1443 1989 1457 2088 Ἰ

187 2093 271 2162 Casu
287 2100 399 2179 postea
420 2095 543 2180 integer
566 2095 705 2162 eiusdem
726 2097 801 2164 anni
824 2098 864 2164 ud
878 2115 971 2180 quem
994 2101 1116 2181 spectat
1138 2096 1163 2173 I,
1187 2101 1260 2176 384,
1285 2101 1303 2162 3
1327 2096 1420 2177 ephe·

183 2208 297 2274 borum
312 2207 474 2290 catalogus
490 2212 539 2274 444
554 2207 708 2291 inventus,
732 2209 786 2291 qui
802 2209 905 2277 editus
921 2209 1016 2276 estin
1031 2209 1150 2274 Philist.
1166 2206 1227 2284 111,
1247 2227 1279 2291 p.
1296 2211 1368 2284 444,
1389 2212 1417 2274 1.

188 2317 383 2400 Ε4444444444
411 2339 485 2403 ergo
507 2320 685 2386 necessario
706 2325 819 2387 cuncta
840 2321 966 2388 4444144
989 2339 1069 2404 4444
1090 2319 1123 2384 14
1145 2319 1170 2400 1,
1188 2323 1259 2400 384,
1277 2323 1294 2384 3
1317 2337 1424 2385 recen·
1535 2397 1538 2402 ¹

194 2435 305 2498 sentur
320 2431 423 2498 redire
438 2431 628 2512 in111,444‚
643 2437 670 2499 1.
700 2433 790 2511 Quod
818 2453 880 2500 nun
892 2433 985 2516 plane
1001 2431 1179 2514 contingere
1193 2430 1328 2497 uidetur.
1351 2429 1424 2511 Ipse

189 2540 389 2609 Cumanudes
415 2542 552 2610 offensus
572 2544 657 2624 quod
679 2562 741 2610 non
763 2544 868 2610 444414
889 2543 1037 2610 videntur
1058 2543 1162 2611 redire
1185 2541 1350 2608 diiudicari
1371 2539 1425 2606 de·

190 2671 278 2720 nrum
308 2673 374 2721 rem
403 2672 496 2737 posse
525 2655 714 2732 arbitratur,
744 2675 813 2722 cunr
837 2659 969 2737 uterque
993 2654 1104 2722 titulus
1127 2655 1230 2721 (14444
1252 2652 1293 2719 414
1319 2651 1423 2718 editus

192 2767 343 2834 adcurate
365 2786 402 2833 44
423 2767 604 2834 4414444114
627 2767 763 2848 quidem.
809 2768 1005 2851 Quamquam
1027 2765 1077 2833 uel
1099 2765 1143 2832 sic
1165 2783 1246 2848 quae
1262 2761 1425 2830 offendunt

194 2877 336 2962 expediri
357 2883 498 2961 possunt,
522 2879 606 2960 quud
627 2898 699 2944 mox
721 2879 895 2961 adparebit.
1372 2871 1374 2876 ’

276 2989 339 3056 Sed
368 2991 457 3073 prius
489 2991 528 3056 de
556 2990 624 3074 ipso
655 2990 704 3056 414.
728 2991 753 3068 Ι,
777 2994 848 3067 384.
872 2995 890 3056 3
921 2990 1134 3073 quaerendum
1163 2991 1241 3055 est.⁴
1266 2985 1423 3062 Continet,

190 3105 228 3166 44
256 3101 320 3168 iarn
349 3101 431 3180 dixi,
463 3102 525 3168 duo
556 3105 791 3184 systremmata:
820 3106 1024 3169 recensentur
1050 3101 1187 3185 primum
1220 3099 1275 3184 441
1303 3116 1428 3183 444444

191 3217 415 3297 systremmate
449 3214 649 3280 continentur
682 3213 811 3297 ephebi,
845 3219 913 3280 tum
945 3233 983 3280 ex
1013 3213 1064 3280 1414
1097 3213 1120 3278 11
1152 3212 1207 3294 441
1239 3211 1331 3280 444414
1359 3211 1428 3295 441·

190 3327 326 3392 busdam
345 3323 435 3392 144414
457 3323 594 3409 palmum
616 3326 763 3392 tulerant.
808 3325 874 3391 Hos
896 3325 1031 3392 uictores
1053 3323 1084 3390 in
1107 3323 1260 3391 alterutro
1282 3327 1430 3407 systrem·

191 3441 279 3502 mate
308 3437 412 3504 redire
442 3456 570 3504 necesse
604 3442 660 3504 est.
712 3437 803 3517 Quod
830 3455 941 3504 444444
972 3435 1023 3512 414,
1057 3435 1195 3512 duobus,
1229 3438 1265 3500 44
1297 3433 1430 3510 uidetur,

195 3549 343 3632 exceptis.
395 3549 535 3628 Quorum
569 3549 650 3614 41444
683 3553 732 3614 444
759 3545 960 3638 Ἆχώριστος,
992 3549 1046 3631 441
1078 3565 1126 3613 us.
1155 3551 1195 3612 27
1236 3547 1335 3613 uictor
1366 3547 1430 3612 An·

193 3661 371 3727 tinctorum
394 3661 518 3728 dicitur.
557 3661 590 3726 Is
612 3658 1201 3744 1444444444444444444144441444,
1224 3655 1308 3740 quod
1323 3660 1428 3723 tamen

197 3772 387 3854 postuletur.
433 3773 545 3853 144444
568 3770 637 3838 fieri
659 3791 721 3839 non
742 3776 848 3856 potest
878 3771 954 3855 quin
982 3771 1042 3836 hoc
1072 3788 1184 3837 numen
1213 3768 1331 3836 44441)
1354 3786 1430 3850 444-

192 3883 332 3950 14444414
362 3873 582 3952 44414444444
612 3885 651 3952 ab
681 3885 749 3968 ipso
780 3883 965 3950 Cumanude
992 3879 1251 3949 14144441444414
1279 3880 1429 3948 omissum

190 3995 249 4077 sit,
271 3995 365 4080 idque
381 4001 438 4063 444
460 4001 534 4063 4444
558 4000 614 4062 444
635 3999 708 4077 pust
730 4014 776 4062 vs.
794 4000 812 4060 9
836 3993 954 4062 iactum
977 4011 1047 4060 esse
1069 3991 1268 4076 cognoscitur
1282 3995 1352 4058 'uno
1375 3990 1457 4058 ob·¹

190 4109 273 4174 tutu.
315 4107 370 4176 Vs.
387 4113 409 4173 3
429 4107 512 4174 enirn
536 4111 719 4174 recensetur
742 4103 909 4192 Εὔκαρπος
926 4100 1110 4195 Ἀχωρίστου
1132 4101 1244 4185 11444““;
1267 4101 1430 4187 proximus

189 4217 277 4284 haud
300 4218 472 4286 1414144444
493 4219 685 4302 sequebatur
714 4223 772 4286 444
801 4217 1008 4286 antecedebat
1025 4212 1217 4306 Ἀχωριστος
1233 4211 1426 4304 Ἀχωρίστου

190 4327 296 4396 1144“.
351 4329 431 4399 Oum
464 4331 526 4398 duo
561 4331 706 4415 deinceps
738 4349 849 4399 uersus
883 4331 1006 4398 exirent
1036 4323 1289 4420 144Ἀχωρίστου
1321 4323 1417 4390 Hac*

191 4443 348 4530 sculptor,
379 4445 476 4514 oeulis
505 4445 579 4515 hinc
607 4463 645 4514 44
665 4444 817 4514 aberrant
803 4443 947 4532 tibus,
937 4462 971 4512 rn
993 4459 1132 4512 eruerem
1162 4438 1311 4510 ductus
1301 4457 1364 4509 4444
1394 4454 1429 4507 se

262 4662 283 4736 ¹)
300 4665 339 4720 cf.
358 4665 391 4720 de
408 4665 448 4720 his
465 4663 624 4733 Dittenberg.
642 4661 661 4718 l.
679 4663 698 4717 1.
716 4683 742 4734 p.
764 4664 874 4720 18-20.
1194 4741 1224 4804 v
