3436 5326
784 365 1016 428 -134-

376 553 457 622 Sunt
483 553 620 636 quinque
648 551 829 632 columnae,
857 549 973 631 quibus
1003 547 1128 616 nomina
1156 549 1284 633 propria
1313 549 1521 618 continentur.

290 666 377 744 Quae
399 682 460 746 quo
484 664 611 730 consilio
634 663 698 730 sint
719 662 880 729 recensita
908 659 997 726 initio
1025 660 1150 741 quidem
1179 678 1242 727 non
1270 666 1366 743 patet.
1419 664 1459 728 At
1489 664 1522 726 ln

291 780 346 845 col.
371 779 410 845 II.
433 779 535 845 media
557 778 640 844 inter
663 777 791 848 nomina
813 777 960 844 scribitur
981 760 1123 854 ΑΝ,Ρ
1135 781 1169 855 Χ
1182 781 1190 854 Ι
1203 761 1248 874 Α,
1278 777 1363 859 qnod
1385 797 1446 843 non
1468 795 1522 859 po·

289 894 353 956 test
375 889 512 972 conpleri
539 889 600 953 nisi
623 888 655 953 in
679 885 850 978 ἀν[α]ρχία.
895 887 964 965 Qua
985 906 1060 954 voce
1080 888 1212 954 Athenis
1234 889 1261 954 is
1284 907 1384 954 annus
1401 889 1524 954 solebat

290 1005 476 1085 notarique
501 1002 684 1084 respublica
706 1000 855 1068 archonte
878 1017 1028 1083 eponymo
1052 999 1187 1066 carebat.
1232 1000 1341 1066 Veluti
1367 999 1394 1065 is
1422 1018 1523 1065 annus

291 1135 351 1198 quo
375 1114 508 1180 Athenis
531 1131 631 1196 penes
656 1112 788 1196 triginta
809 1112 877 1178 illos
900 1117 1040 1193 potestas
1063 1117 1132 1178 erat
1154 1109 1196 1200 (a.
1220 1111 1297 1198 404)
1320 1113 1442 1194 publice
1471 1132 1524 1177 vo-

290 1232 379 1292 catur
402 1223 554 1314 ἀναρχίας
585 1224 660 1290 item
683 1223 823 1306 Phlegon
845 1222 1022 1290 Trallianus
1046 1223 1084 1288 de
1106 1221 1238 1289 mirabil.
1262 1243 1286 1289 c.
1312 1228 1352 1288 24
1375 1223 1413 1288 de
1440 1241 1522 1288 anno

291 1343 330 1402 83
353 1357 383 1420 p.
408 1336 499 1402 Cha:
526 1333 577 1399 νέν
601 1331 744 1421 Ἀθήναις
768 1333 918 1423 ἀναρχίας
939 1331 1074 1422 αὕσηςις
1103 1337 1136 1400 et
1162 1334 1269 1401 itidem
1298 1335 1437 1415 saepius,
1467 1334 1522 1399 im·

289 1454 469 1532 paratorum
492 1446 694 1530 potissimum
717 1449 829 1513 aetate.
868 1445 941 1511 Iure
962 1445 1059 1528 igitur
1081 1445 1255 1528 meritoque
1277 1449 1417 1511 statuere
1431 1445 1522 1510 nobis

293 1559 435 1625 videmur
462 1556 640 1640 fragmento
669 1555 721 1621 illo
750 1555 884 1622 indicem
913 1575 1020 1622 eorum
1050 1557 1103 1639 qui
1131 1575 1188 1639 per
1221 1561 1341 1623 certum
1373 1557 1522 1639 temporis

295 1671 435 1750 spatium
457 1667 589 1734 Athenis
612 1667 755 1751 eponymi
777 1666 936 1734 archonlis
958 1685 1087 1733 munere
1116 1665 1215 1743 suncti
1242 1671 1332 1734 erant
1360 1667 1521 1733 contineri.

297 1779 468 1859 Quaeritur
490 1798 565 1846 num
587 1798 698 1846 revera
718 1778 800 1844 inter
821 1777 875 1842 illa
897 1778 1022 1844 nomina
1045 1779 1108 1844 sint
1130 1797 1208 1862 quos
1230 1778 1394 1844 archontes
1410 1797 1523 1860 epony-

297 1910 364 1958 nuos
386 1889 482 1958 luisse
505 1890 630 1958 aliunde
652 1893 790 1970 constet,
818 1894 850 1956 et
878 1891 1103 1972 imperatorum
1133 1889 1260 1972 quidem
1288 1893 1408 1970 aetate,
1438 1889 1523 1972 quod

297 2003 475 2067 litterarum
497 2002 610 2068 ductus
632 2001 793 2085 postulare
815 2000 948 2068 videtur.
994 1999 1077 2066 Sane
1099 2020 1161 2067 non
1189 2001 1266 2066 nulli
1294 2001 1421 2083 quidem
1448 1999 1523 2066 alibi

293 2118 329 2178 ut
351 2113 516 2180 archontes
539 2114 681 2180 redeunt.
727 2113 809 2179 Ante
831 2130 937 2178 omnes
960 2113 1109 2178 momenti
1137 2116 1211 2177 sunt
1240 2112 1294 2193 qui
1317 2110 1383 2177 Col.
1407 2113 1423 2177 1
1452 2131 1522 2178 con·

288 2229 401 2306 parent
422 2223 642 2305 Λακίακ[ος]
666 2229 698 2292 et
719 2223 935 2294 Διονύσιος.
972 2223 1054 2289 Nam
1075 2224 1108 2288 in
1130 2224 1178 2289 tit.
1202 2223 1237 2289 Ο.
1259 2224 1285 2290 Ι.
1309 2227 1392 2288 2296
1416 2227 1521 2316 extat:

291 2333 320 2398 Γ
316 2336 384 2406 dioc
404 2333 435 2399 Γ
431 2334 502 2399 aion
526 2333 690 2425 Ἀχαρνεὺς
712 2338 815 2424 ἱερεὺς
837 2337 1007 2422 γενόμενος
1029 2333 1114 2400 θεῶν
1137 2335 1196 2399 κτλ.
1221 2335 1259 2399 ἐν
1282 2339 1334 2422 τῷ
1357 2335 1417 2399 ἐπὶ
1438 2335 1521 2399 Διο-

291 2447 424 2511 νυσίου
448 2451 515 2511 τοῦ
540 2449 641 2534 μετὰ
663 2448 856 2513 Λυκίσκον
884 2448 1081 2539 ἄρχοντος
1109 2447 1276 2534 ἐνιαυτῷ
1305 2449 1378 2510 κτλ.
1422 2447 1521 2512 Iidem

293 2559 433 2625 homines
456 2577 490 2624 se
513 2559 672 2642 excipiunt
693 2561 725 2627 in
747 2561 848 2628 indice
870 2565 988 2627 nostro.
1027 2559 1070 2626 At
1093 2560 1205 2626 titulus
1227 2560 1280 2626 ille
1302 2563 1351 2626 est
1365 2558 1520 2625 Deliacus.

291 2670 389 2753 Sane,
418 2671 474 2737 sed
497 2671 624 2737 Atticae
647 2671 716 2738 Deli
740 2677 805 2749 est,
835 2671 918 2753 quod
941 2671 1008 2754 ipse
1030 2670 1208 2738 Boeckhius
1231 2671 1272 2736 ad
1293 2671 1312 2735 i.
1335 2671 1383 2736 tit.
1407 2669 1520 2734 firmat.

291 2781 364 2848 Non
392 2782 506 2866 ignoro
528 2783 720 2850 Boeckhium
748 2785 873 2868 quidem
903 2783 1039 2850 voluisse
1061 2784 1172 2850 Delum
1203 2782 1352 2864 insulam,
1379 2781 1521 2864 quamvis

290 2893 529 2960 Atheniensium
543 2894 683 2976 imperio
706 2895 842 2972 subdita,
865 2895 960 2962 immo
979 2895 1085 2962 Attica
1106 2895 1262 2962 cleruchia
1283 2898 1350 2959 tum
1372 2895 1520 2976 temporis

292 3003 395 3081 fuerit,
419 3023 494 3069 suos
515 3005 659 3088 proprios
680 3006 827 3072 habuisse
843 3005 1008 3072 archontes
1023 3024 1207 3088 cponymos;
1230 2992 1324 3086 quam
1339 3007 1378 3072 ob
1395 3023 1520 3072 causam

290 3113 427 3181 Mcierus
455 3114 501 3201 (in
525 3116 643 3180 Comm.
673 3118 770 3199 epigr.
795 3117 828 3182 II
854 3135 925 3199 pag.
951 3113 1006 3202 77)
1036 3117 1203 3184 archontes
1225 3115 1372 3181 Λυκίσκον
1402 3123 1434 3184 et
1455 3115 1519 3180 Δια.

292 3223 413 3298 νύαιον,
443 3243 521 3307 quos
545 3224 694 3291 Corsinus
717 3227 764 3308 (F.
788 3228 825 3292 A.
849 3227 903 3304 IV,
929 3227 1002 3311 141)
1028 3228 1089 3292 iam
1111 3228 1313 3310 inscripserat
1337 3229 1519 3296 archontum

291 3334 397 3416 lastis,
425 3355 462 3400 ex
483 3335 568 3401 hisce
591 3337 690 3403 eiecit.
735 3339 839 3420 Atque
860 3338 928 3419 ipse
951 3338 1089 3404 Meierus
1111 3343 1297 3422 argumenta
1318 3358 1379 3405 non
1408 3338 1519 3418 adfert,

176 3493 179 3498 -
291 3446 347 3513 sed
369 3446 482 3512 nititur
496 3447 645 3513 Boeckhii
668 3449 833 3515 sententia.
872 3449 1067 3530 Quamquam
1089 3450 1139 3516 vel
1160 3450 1211 3516 hic
1225 3449 1325 3533 magis
1340 3451 1518 3535 suspicatus

291 3562 340 3624 est
361 3557 439 3624 illud
460 3594 504 3605 —
526 3563 557 3624 et
579 3558 652 3625 inde
675 3559 801 3642 quidem
823 3561 906 3641 quod
929 3581 992 3628 non
1014 3562 1139 3627 dicatur
1162 3561 1223 3645 (ἐπὶ
1252 3565 1304 3626 τοῦ
1334 3563 1436 3634 δεῖνος
1465 3562 1517 3650 ἀρ-

286 3671 412 3758 χονιος)
436 3665 638 3759 Ἀθήνησιν
660 3709 703 3718 -
725 3689 820 3754 quam
843 3672 1069 3740 demonstravit
1089 3673 1187 3739 firmis
1210 3675 1411 3757 argumentis
1456 3676 1519 3740 lta-

291 3800 352 3865 que
373 3781 428 3846 illa
450 3797 500 3846 res
523 3781 602 3848 adeo
624 3799 686 3847 non
708 3781 849 3864 inhingit
871 3785 1058 3850 sententiam
1080 3790 1236 3866 nostram,
1266 3784 1440 3868 fragmento
1469 3806 1519 3852 ar-

290 3891 437 3958 chontum
459 3892 593 3959 indicem
617 3893 784 3976 contineri,
807 3899 843 3960 ut
865 3897 997 3962 maxime
1018 3895 1137 3978 firmet,
1160 3917 1231 3964 eum
1247 3897 1399 3964 nimirum
1422 3899 1516 3965 etiam

289 4002 340 4069 hie
361 4003 530 4085 Dionysius
562 4004 772 4085 subsequatur
800 4005 974 4088 Lyciscum.
1025 4009 1195 4074 Praeterea
1225 4007 1354 4079 Νικίας
1384 3999 1462 4088 (Col.
1487 4011 1516 4086 Ι)

292 4112 409 4178 archon
431 4112 514 4179 redit
535 4115 564 4179 in
590 4113 622 4180 O.
647 4117 670 4180 Ι.
693 4122 765 4198 477,
794 4118 848 4200 qui
870 4119 918 4183 tit.
942 4119 975 4183 in
997 4120 1097 4201 prima
1125 4120 1349 4201 imperatorum
1376 4125 1518 4201 tempora

289 4223 413 4303 incidit3
432 4219 564 4288 Ἰάσων
582 4225 663 4304 (Col.
679 4227 708 4304 Ι)
731 4227 873 4309 pluribus
886 4229 979 4304 locis3
1002 4228 1226 4319 Δημοχάρης
1241 4230 1320 4309 (Col.
1336 4231 1399 4308 III)
1421 4231 1453 4296 in
1468 4250 1518 4296 ar-

290 4334 437 4400 chontum
458 4335 561 4402 indice
583 4337 811 4420 aRhusopulo¹
837 4339 993 4424 conlect03
1016 4341 1157 4429 Ζήνων
1181 4342 1258 4424 (Col.
1274 4339 1333 4428 IV)
1348 4343 1380 4407 in
1395 4343 1514 4410 Philist.

360 4556 368 4594 ¹
386 4557 416 4610 In
433 4544 497 4610 libro
518 4557 692 4632 ιέχχειρίιίιον
711 4563 762 4632 τῆς
778 4559 917 4634 ἑλληνικῆς
934 4561 1133 4636 ἀρχαιολογίας,
1150 4559 1235 4640 liupr.
1256 4567 1343 4628 1861..
