3436 5326
781 321 1014 384 -122-

285 534 331 582 vs.
354 518 382 581 6.
407 519 424 579 7
448 511 619 597 conparent
640 515 677 576 ut
697 507 990 596 Philadelpheorum
1012 503 1230 590 agonothetae.
1267 503 1379 584 Itaque
1401 501 1513 569 abhinc

285 647 347 692 uno
371 646 500 692 numero
523 623 794 708 conprehendendi
816 626 908 688 erunt
922 621 970 686 tit.
987 617 1020 685 0.
1038 618 1061 684 I.
1078 622 1150 696 245,
1172 615 1302 699 Ephern.
1319 614 1401 682 arch.
1419 617 1512 694 2600,

286 739 320 807 0.
337 740 360 804 1.
379 744 439 804 246
464 737 543 823 (Col.
560 739 593 803 11
615 755 659 803 vs.
677 731 826 821 20-65),
849 733 1000 815 quamvis,
1023 750 1093 798 cum
1114 729 1250 813 plurima
1272 727 1389 804 desint,
1411 725 1513 793 adhuc

284 871 346 918 non
368 853 489 934 possint
510 850 634 917 restitui
656 849 705 916 vel
728 846 869 932 conponi.
1453 854 1461 873 '

368 964 415 1028 De
442 981 522 1028 anno
550 964 670 1028 certum
698 960 868 1043 quidquam
896 956 1037 1042 proferre
1068 974 1130 1022 non
1160 971 1297 1038 possum.
1348 950 1439 1031 Quod
1475 969 1513 1016 ex

284 1075 460 1142 nominibus
482 1073 615 1155 propriis
643 1073 728 1138 hisce
745 1068 841 1158 Ἑρέν.
867 1069 1062 1155 Πτολεμαῖος
1081 1058 1229 1154 ‘'Eppecor
1256 1072 1362 1146 (quem
1391 1068 1513 1147 patrem

284 1186 433 1252 Herennii
455 1185 587 1268 Dexippi
609 1185 737 1252 Hermai
766 1203 835 1250 esse
867 1186 1008 1262 censeo),
1033 1178 1127 1265 Ἑρέν.
1148 1175 1347 1248 Ἀπολλώνιος
1368 1163 1515 1263 Ἕρμειος

285 1299 352 1381 (qui
373 1298 477 1364 nescio
500 1317 540 1363 an
561 1296 643 1363 fitius
666 1297 732 1362 eius
756 1297 797 1362 sit
819 1297 873 1378 qui
896 1296 928 1360 in
951 1293 999 1359 tit.
1024 1291 1059 1357 C.
1083 1293 1107 1358 I.
1133 1295 1211 1372 192,
1242 1309 1261 1356 a
1285 1291 1347 1354 170
1375 1309 1405 1372 p.
1429 1287 1512 1364 Chr,

263 1411 366 1476 ¹inter
387 1416 536 1494 phytones
559 1407 763 1496 recensetur),
790 1407 878 1471 0001.
897 1405 1109 1492 Μαμερτεῖνος
1131 1401 1199 1489 (qui
1218 1401 1352 1468 fortasse
1363 1390 1415 1468 ‘est
1429 1399 1512 1466 filius

284 1523 351 1589 eius
374 1524 428 1603 qui
451 1542 478 1587 a.
507 1525 566 1586 107
591 1545 626 1608 p.
651 1519 725 1586 010.
755 1521 870 1588 archon
899 1518 961 1584 est¹
993 1521 1025 1583 et
1053 1517 1106 1600 qui
1135 1515 1210 1582 item
1240 1533 1267 1581 a.
1294 1516 1356 1578 170
1383 1533 1414 1596 p.
1438 1511 1511 1578 Ohr.

283 1635 366 1701 inter
387 1639 535 1718 prytaues
559 1639 607 1700 est
630 1634 662 1698 in
685 1633 718 1700 6.
743 1633 871 1718 0192),
895 1631 978 1716 quod
1002 1649 1039 1696 ex
1060 1629 1155 1711 hisce,
1179 1627 1243 1709 aio,
1265 1627 1443 1694 nominibus
1467 1625 1513 1714 (in

288 1748 336 1812 tit.
365 1747 444 1829 Eph.
474 1747 558 1812 arch.
583 1751 666 1812 2600
696 1746 778 1811 inter
809 1745 945 1826 ephebos
975 1741 1225 1824 conmemoratis)
1268 1741 1369 1824 possit
1401 1739 1512 1822 colligi,

286 1859 444 1942 posuerim
467 1857 575 1924 titulos
598 1859 670 1925 circ.
693 1877 722 1924 a.
742 1862 813 1923 200.
852 1856 914 1923 Sed
937 1875 998 1922 non
1020 1874 1077 1938 pro
1100 1857 1186 1920 certo
1203 1857 1318 1919 statuo.
1355 1851 1392 1917 Id
1407 1856 1513 1917 autem

286 1970 498 2038 contenderim
527 1971 712 2038 10010000.
740 1971 867 2045 1286,
898 1970 987 2036 cuius
1016 1969 1048 2034 in
1077 1983 1189 2034 aversa
1217 1969 1308 2046 parte
1335 1963 1514 2030 inueniatur

281 2083 329 2148 tit.
354 2081 388 2148 C.
404 2084 428 2148 Ι.
449 2088 520 2165 245,
543 2103 605 2149 000
628 2085 737 2150 eodem
760 2101 841 2149 anno
864 2101 933 2148 esse
955 2086 1125 2159 exaratum,
1149 2100 1210 2164 quo
1235 2081 1309 2149 01.
1333 2080 1426 2161 245²;
1450 2085 1514 2147 ete·

281 2196 344 2260 nim
373 2215 412 2260 ne
443 2213 540 2261 unum
570 2195 695 2278 quidem
725 2215 763 2261 ex
792 2194 898 2260 multis
929 2194 1056 2276 ephebis
1085 2194 1144 2261 sub
1179 2213 1230 2260 no.
1254 2197 1315 2258 245
1351 2191 1514 2258 recensitis

283 2311 473 2394 deprehendi
494 2311 526 2375 in
550 2311 690 2392 catalogo
713 2330 762 2377 no.
781 2314 852 2375 286.
874 2345 916 2357 -
938 2309 1043 2390 Atque
1065 2307 1142 2373 haec
1165 2305 1204 2372 de
1226 2305 1371 2372 columna
1393 2305 1434 2370 11.

367 2424 479 2488 Restat
501 2421 634 2505 denique
658 2423 755 2488 0011
778 2421 825 2504 (C.
848 2423 873 2487 Ι.
898 2421 984 2505 245.)

370 2533 582 2598 Fourrnootus
605 2534 731 2600 exhibet
753 2551 799 2599 vs.
818 2539 844 2599 1.
871 2545 895 2613 c
907 2540 939 2614 Υ
949 2539 988 2614 Μ
998 2532 1062 2606 ΦΕ
1074 2538 1102 2613 Ρ
1120 2535 1154 2614 Ο
1169 2538 1200 2612 Ν
1212 2539 1248 2612 Τ
1259 2539 1267 2612 Ι

752 2654 843 2716 102·
997 2653 1269 2728 ΗΡΑΚΛΕΙ

284 2768 316 2830 et
336 2761 441 2845 paullo
463 2761 543 2829 infra
790 2771 853 2844 Ac
868 2769 899 2844 Κ
908 2769 939 2844 Λ
951 2769 983 2843 Η
994 2765 1034 2836 Π
1048 2769 1057 2843 Ι
1073 2769 1105 2843 Α

368 2877 523 2943 Putabis.
548 2878 605 2944 sub
628 2884 729 2944 00.1;
753 2885 844 2945 001.
909 2880 1386 2964 εΥΜφΕ,ΟΝΠ,ΚΕΙ

593 3087 594 3091 ¹
754 2997 845 3060 VM·
946 2999 1282 3075 ΗΡΑΚΛΗΔΑΙ
1338 2991 1339 2994 “

285 3107 472 3174 vocabulum
494 3103 654 3198 Ἀσκλήπια
683 3109 808 3174 omittit.
861 3109 944 3174 Illud
972 3116 1076 3209 Kcl,
1107 3110 1190 3194 quod
1218 3128 1262 3175 vs
1287 3115 1315 3190 1,
1345 3112 1512 3208 01ΔΑΙ,

284 3223 372 3304 quod
394 3240 439 3288 vs,
458 3227 475 3286 2
499 3223 626 3305 insuper
649 3224 760 3289 ceteris
783 3221 896 3290 litteris
911 3224 1096 3290 Pittakisius
1112 3225 1237 3290 exhibet
1251 3223 1324 3289 hine
1339 3223 1515 3305 separanda

284 3342 316 3398 et
338 3334 396 3399 sub
420 3354 470 3400 no.
490 3339 507 3398 2
532 3341 589 3414 (vs.
610 3340 636 3401 1.
662 3340 693 3411 3)
717 3334 923 3402 adscribenda
946 3355 1015 3402 esse
1030 3337 1203 3419 supraiam
1218 3335 1405 3401 notavimus.
1439 3335 1514 3416 Ipse

261 3523 263 3527 Ι
287 3450 392 3517 autem
426 3447 521 3513 verba
543 3445 742 3533 Συμφέροντι
765 3443 908 3533 Ἡρακλεῖ
934 3485 975 3495 -
1000 3443 1162 3537 Ἀσκλῆπια
1191 3453 1266 3516 sunt
1293 3467 1330 3513 ex
1359 3448 1403 3513 eis
1432 3446 1515 3512 notis

190 3565 195 3578 ‘
285 3556 368 3638 quas'
385 3558 446 3638 ipsi
469 3559 580 3642 ephebi
601 3560 773 3643 lapidibus,
795 3560 907 3625 horum
930 3560 1082 3627 lateribus
1105 3562 1317 3643 potissimum,
1340 3559 1514 3643 insculpere

285 3669 428 3735 solebant
449 3671 544 3736 animi
564 3691 678 3753 causa3
702 3672 741 3736 de
764 3672 877 3754 quibus
900 3691 971 3738 cum
994 3690 1090 3756 supra
1112 3672 1195 3756 (pag.
1214 3678 1254 3738 64
1279 3675 1360 3758 sqq.)
1383 3675 1445 3740 ianr
1461 3675 1515 3742 do-

284 3782 525 3864 cuerim,«nihil
546 3783 632 3849 hisce
654 3783 687 3848 in
710 3785 813 3851 verbis
835 3803 951 3854 moror.

371 3893 519 3976 Sequitur
541 3900 578 3960 ut
599 3896 759 3962 videamus
783 3897 822 3962 de

641 4006 688 4072 II.
725 4007 817 4094 Oorp.
841 4007 992 4094 Inserc'pt.
1016 4031 1065 4076 rao.
1083 4013 1156 4078 285.

373 4118 533 4186 Habemus
555 4117 606 4185 vel
628 4119 678 4186 hic
700 4124 764 4188 tres
788 4121 927 4188 diversas
950 4123 1188 4206 inscriptiones,
1219 4141 1307 4206 quae
1326 4123 1402 4190 nibil
1431 4125 1515 4190 inter

285 4251 320 4297 sc
341 4231 458 4297 habent
485 4247 657 4298 commune.
707 4234 811 4324 Atque
842 4234 907 4300 001.
932 4235 948 4300 I
978 4240 1027 4301 est
1056 4236 1141 4319 apud
1170 4236 1286 4302 Pittak.
1315 4237 1335 4301 l.
1359 4237 1379 4303 i.
1407 4256 1456 4303 no.
1480 4243 1514 4311 4;

286 4343 350 4412 001.
368 4343 400 4407 11
422 4372 463 4397 =
486 4362 535 4409 no.
554 4349 589 4424 6;
621 4343 754 4410 001111
775 4375 817 4401 =
840 4365 890 4413 no.
908 4351 936 4412 7.
960 4384 1002 4394 —-

483 4586 539 4619 uam
558 4585 587 4619 eo
605 4587 670 4620 0000
689 4571 799 4636 quinon
818 4571 923 4623 multum
942 4571 1009 4624 absit
1027 4573 1146 4642 seriptum
1164 4591 1222 4626 eum
1239 4591 1295 4626 0000
1315 4574 1376 4626 mihi
1395 4575 1455 4626 satis
1477 4583 1516 4626 est
