3418 5340
818 353 875 385 ..f
904 337 951 404 32
987 369 1030 386 .-

313 521 429 589 mentis
452 521 648 596 sententiam
670 539 761 590 suem
782 519 933 590 firmavit·
963 523 1164 608 suspicatus
1187 528 1236 590 est
1256 523 1358 608 magis
1383 535 1477 608 quem
1500 525 1539 590 11

312 632 508 702 monstravit.
551 633 682 703 Accedit
714 634 798 719 quod
821 651 858 702 eo
881 637 1031 718 tempore,
1061 655 1123 720 quo
1146 635 1320 719 peregrinis
1352 653 1477 719 quoque
1503 635 1539 701 li·

312 745 378 812 cuit
406 745 440 814 in
460 764 625 816 numerum
647 746 839 831 epheborum
859 746 957 830 recipi
987 751 1020 815 et
1043 766 1106 830 quo
1128 747 1289 830 peregrini
1311 745 1424 830 ephebi
1445 764 1539 829 saepe

311 876 463 942 perquem
485 863 789 942 superontnumero
812 857 1020 926 Athenienses
1044 857 1191 942 ephebos,
1220 877 1284 942 quo
1307 857 1442 942 denique
1463 862 1537 924 tem·

311 988 389 1053 pore
409 971 584 1054 peregrinis
606 971 683 1057 ipsis
705 969 911 1055 potissimum,
942 970 1081 1055 undique
1103 970 1244 1038 Athenas
1269 971 1538 1053 concurrentibus,

311 1085 509 1168 gymnasium
531 1083 722 1168 epheborum
750 1083 902 1166 imprimis
925 1082 1120 1152 efflorescere
1146 1083 1258 1168 coepit,
1285 1101 1343 1166 per
1371 1101 1406 1150 se
1433 1083 1540 1150 admo·

311 1193 386 1262 dum
403 1195 794 1264 videturesseverisimile
810 1196 933 1280 exlege
954 1195 1018 1263 iem
1039 1213 1102 1264 non
1117 1195 1285 1264 obstrictos
1302 1212 1355 1262 eos
1377 1194 1475 1262 luisse
1488 1215 1538 1262 ae·

311 1311 378 1378 1111
405 1311 445 1374 18
467 1325 629 1376 annorum.
673 1307 742 1376 Hoc
765 1326 841 1375 sene
863 1326 985 1375 summo
1007 1305 1119 1375 luisset
1141 1307 1362 1390 impedimento
1385 1326 1426 1375 ne
1447 1307 1539 1392 ephe

311 1418 424 1487 borum
445 1418 601 1498 instituto,
624 1419 860 1502 peregrinorum
892 1436 1053 1502 concursu,
1082 1419 1115 1486 in
1144 1418 1211 1486 dies
1239 1420 1340 1486 meius
1369 1420 1539 1486 incremen-

311 1533 380 1598 tum
401 1531 575 1613 accederet,
604 1531 689 1614 quod
718 1549 829 1600 revere
849 1531 1003 1598 Hadriani
1029 1529 1096 1598 sere
1122 1535 1227 1598 oetete
1260 1531 1382 1600 oceidit.
1427 1533 1539 1614 Itaque

310 1646 403 1710 tueor
431 1643 620 1710 sententiam
648 1643 676 1710 si
706 1641 808 1708 minus
831 1643 1075 1710 Atheniensibus
1106 1647 1140 1710 et
1167 1643 1341 1726 peregrinis
1367 1647 1474 1710 temen
1504 1641 1539 1710 li·

311 1753 414 1822 cuisse
435 1753 683 1839 qualemcunque
704 1758 841 1822 aetutem
868 1755 1034 1837 egentibus
1064 1755 1096 1822 in
1118 1754 1255 1838 ephebos
1288 1754 1394 1838 recipi.
1439 1754 1540 1822 Aliter

311 1864 364 1932 vix
384 1882 513 1949 possum
534 1865 744 1949 interpretari,
767 1865 853 1950 quod
875 1871 966 1950 pater
981 1870 1014 1933 et
1028 1865 1111 1934 iilius
1126 1868 1236 1936 eodem
1252 1884 1334 1934 anno
1349 1867 1432 1934 inter
1446 1866 1540 1949 ephe·

310 1976 368 2044 bos
389 1982 565 2046 versentur.
609 1977 654 2046 Et
674 1997 748 2048 uero
782 1984 831 2048 est
864 1978 916 2046 ille
938 1978 978 2045 de
1006 1995 1069 2060 quo
1099 1979 1256 2064 loquimur
1288 1979 1418 2064 eiusque
1446 1977 1540 2059 filius,

310 2094 348 2156 11
368 2109 407 2158 ex
428 2089 496 2173 ipso
518 2089 612 2158 titulo
633 2095 732 2176 petet,
755 2091 940 2176 peregrinus
964 2090 1112 2174 ephebus.
1147 2092 1198 2158 An
1219 2108 1421 2174 nonnuquam
1444 2091 1539 2156 etiem

311 2200 555 2270 Atheniensibus
578 2201 657 2270 illud
678 2201 789 2268 licuit?
831 2201 983 2286 Legimus
1012 2201 1095 2269 enim
1126 2203 1160 2270 in
1190 2203 1283 2270 titulo
1306 2201 1369 2269 orl.
1393 2203 1453 2284 ΙΙΙ,
1477 2207 1539 2268 533

310 2313 343 2380 in
382 2313 452 2397 ipso
492 2313 704 2397 praescripto:
753 2309 771 2380 ὁ
812 2313 970 2402 κοσρητὴς
1005 2351 1048 2363 -
1087 2313 1249 2401 ἀνέγραψε
1289 2314 1362 2384 τοὺς
1400 2305 1540 2402 ἐφηβεύ-
1586 2310 1589 2314 ’

311 2446 428 2496 curra<
459 2423 529 2490 σὺν
562 2432 615 2510 τῷ
645 2423 848 2511 κρατίστῳ
881 2422 935 2488 (Pl.
957 2423 1160 2512 Δροαντιανῷ
1190 2427 1446 2514 σορκλητικῷ
1476 2427 1537 2490 κτλ.

312 2536 394 2616 Quid
423 2535 476 2604 hic
505 2536 761 2618 »potentissimus
790 2543 935 2604 senator«
960 2537 1028 2603 vult
1049 2537 1132 2604 inter
1154 2538 1314 2620 ephebos?
1357 2537 1428 2604 Etsi
1456 2538 1538 2606 enirn

312 2647 367 2715 illo
388 2647 420 2713 in
443 2646 536 2714 titulo
558 2648 641 2715 iuter
663 2648 800 2731 ephebos
821 2665 879 2732 per
900 2649 1002 2716 tribus
1018 2648 1186 2732 dispositos
1200 2668 1263 2716 non
1278 2649 1445 2733 inuenitur,
1468 2669 1539 2719 esse

312 2778 384 2828 eum
405 2760 605 2830 nihilosecius
627 2779 738 2828 revere
767 2761 922 2844 ephebum
953 2761 1102 2828 docemur
1129 2761 1177 2826 tit
1202 2761 1237 2827 O.
1260 2761 1285 2827 Ι.
1308 2764 1386 2828 261:
1417 2761 1538 2852 »θαλῆν

309 2870 471 2938 Δωσιθέου
482 2871 708 2962 Παρβωτοίδην
724 2873 776 2938 τὸν
792 2873 948 2962 κοσμητὴν
959 2869 976 2940 ὁ
988 2869 1112 2960 ἔφηβος
1121 2871 1331 2958 Δροαντιανὸς
1340 2873 1537 2964 Καλαίοχροο

310 2981 551 3070 Μαραθώνιοω
614 2984 652 3050 11
690 2983 867 3052 Philistoris
906 2984 959 3050 illo
999 2984 1093 3052 titulo
1137 2990 1276 3051 cosmeta
1315 2986 1417 3052 audit:
1463 2985 1537 3072 Αὐρ.

284 3103 287 3118 ’
309 3091 474 3164 Amaltheo<
496 3091 514 3162 ὃ
536 3095 585 3158 καὶ
609 3094 712 3184 Θαλῆς
732 3092 894 3159 Δωσιθέοο
917 3092 1151 3183 Παρβωτοῖὃης.
1190 3097 1302 3176 Itaque
1325 3097 1401 3178 quin
1418 3097 1537 3180 Dryan-

310 3205 416 3272 tianus
437 3205 470 3272 in
493 3209 627 3288 utroque
641 3205 734 3272 titulo
756 3205 839 3272 idem
861 3205 903 3272 sit
918 3205 1048 3273 dubium
1063 3225 1126 3272 non
1141 3211 1198 3272 111.
1232 3207 1292 3274 Est
1307 3226 1380 3290 ergo
1396 3207 1536 3290 proiecto

310 3315 363 3382 ille
393 3315 647 3399 »potentissimus
673 3321 817 3384 senator«
851 3317 1000 3399 ephebus.
1045 3318 1127 3384 Mira
1155 3336 1231 3385 sene
1259 3336 1327 3399 111,
1355 3338 1451 3402 quam
1479 3338 1537 3402 ego

311 3445 350 3494 ee
371 3444 468 3509 quem
489 3445 586 3511 supre
611 3427 755 3506 ¹indicaui
786 3427 909 3494 ratione
930 3429 1023 3496 uelim
1051 3427 1214 3512 explicere.
1265 3430 1333 3508 Quo
1360 3413 1467 3496 nescio
1496 3449 1537 3496 an

309 3539 386 3606 item
407 3539 618 3610 revocandum
641 3539 692 3620 sit,
715 3538 800 3622 quod
822 3539 854 3605 in
876 3538 925 3606 tit.
950 3537 1205 3621 1111111113
1228 3539 1311 3604 inter
1333 3540 1470 3623 ephebos
1489 3561 1545 3607 re·¹

311 3654 458 3718 censetur
479 3643 497 3713 ὁ
519 3649 562 3738 κ’ρ
570 3648 730 3720 circaeo<
754 3643 939 3736 Οὐετούριος
958 3643 1149 3726 Κωϊντιοινός,
1173 3653 1207 3717 11
1224 3649 1259 3716 G.
1275 3651 1301 3715 Ι.
1313 3655 1375 3716 425
1394 3650 1536 3735 ephebus

311 3761 439 3842 quidem
460 3761 493 3829 in
508 3761 680 3843 sepulcrali
694 3759 786 3827 titulo
801 3762 1004 3844 proedieetur
1026 3785 1067 3846 sp
1077 3783 1094 3826 ο
1104 3753 1176 3828 υσό
1186 3759 1332 3832 coloe«
1355 3763 1376 3827 i.
1392 3781 1418 3829 1.
1431 3768 1535 3846 poete.

308 3871 452 3955 Denique
472 3873 579 3939 multis
599 3872 634 3939 in
655 3872 848 3956 epheborum
877 3871 1027 3957 catalogis
1056 3873 1163 3955 plures
1192 3889 1316 3956 semper
1336 3855 1537 3942 inveniuntur

310 3982 432 4066 ephebi,
453 3983 508 4068 qui
529 3983 586 4050 lilii
614 3988 671 4052 sut
706 3987 863 4052 cosmetae
895 3989 952 4052 111
983 3983 1287 4071 sophronistarum1)
1317 3989 1373 4052 111
1402 3985 1536 4070 denique

380 4196 495 4250 ¹Veluti
518 4197 545 4250 in
567 4197 604 4251 tit.
623 4191 679 4248 hcl.
701 4197 724 4262 1,
750 4197 811 4262 532,
835 4199 852 4253 'i
875 4198 1061 4254 1119-221
1086 4195 1111 4250 ol
1137 4195 1244 4258 παῖδες·
1258 4198 1313 4250 τῶν
1340 4198 1534 4267 σωφρονιστῶν

312 4277 446 4350 Εὔπορσς,
462 4279 581 4349 Ἕλενος,
599 4279 735 4352 Χαρίτων,
755 4281 918 4354 Δημήτριος,
943 4277 1098 4352 Μιλτιάδης.
1133 4285 1221 4352 Itaque
1247 4301 1277 4337 ex
1300 4303 1344 4338 sex
1370 4286 1534 4353 sophronistis

309 4370 420 4438 quinque
437 4369 527 4424 eodem
550 4387 616 4422 enno
633 4369 770 4423 habuerint
787 4369 855 4422 filios
875 4371 907 4424 18
927 4371 1071 4423 annorum?
1095 4371 1160 4423 Item
1186 4365 1241 4422 hcl.
1259 4372 1304 4436 IV,
1324 4374 1384 4435 265,
1403 4375 1417 4426 1
1436 4371 1461 4424 οἱ
1479 4357 1534 4422 τῶν

309 4457 504 4524 σωφρονιστῶν
523 4453 575 4510 υἱοὶ
601 4456 665 4510 inter
690 4455 855 4525 agonothetes
882 4462 950 4521 sunt,
977 4468 1041 4524 quos
1068 4455 1138 4526 ipsos
1163 4474 1222 4510 esse
1238 4459 1350 4527 ephebos
1372 4477 1434 4513 mox
1456 4460 1534 4512 ‹loce-

311 4541 402 4594 bimus.
