3418 5340
479 1665 542 1756 ln
571 1665 795 1776 hillinus.
824 1658 1143 1757 ARCHAEOLOG.
1172 1651 1230 1754 ΝΟ·
1257 1675 1355 1757 2831.

822 1841 894 1897 (honr.
909 1845 954 1886 tub.
970 1845 1021 1897 111.)

303 2013 457 2124 Ephebici
487 2036 571 2102 tituli
592 2035 801 2118 fragmentum
825 2035 910 2116 quod
936 2038 985 2100 est
1008 2034 1041 2100 in
1063 2033 1272 2118 Ephemeride
1295 2034 1450 2104 archaeol.
1481 2055 1532 2103 no.

313 2155 394 2219 2831
418 2168 539 2232 sanare,
562 2151 715 2229 quantum
736 2146 805 2214 fieri
826 2147 939 2231 potuit,
962 2148 1065 2213 conati
1087 2165 1196 2213 sumus
1218 2147 1430 2230 sequentihus.

395 2261 447 2326 Vs.
471 2264 500 2328 2.
544 2260 604 2327 Hic
632 2266 770 2326 cosmeta
798 2277 837 2324 ex
863 2259 932 2326 aliis
966 2259 1123 2342 ephebicis
1156 2259 1257 2325 titulis
1290 2277 1354 2325 non
1386 2259 1531 2324 innotuit.

303 2375 381 2442 Eius
403 2373 486 2440 filius
507 2373 586 2438 haut
609 2371 702 2438 dubie
732 2372 857 2453 estqui
883 2388 928 2438 vs.
955 2371 994 2436 14
1023 2375 1172 2453 conparet
1194 2371 1332 2451 ephebus
1361 2369 1533 2458 Φροςιανὸς

303 2484 471 2574 Εἰρηναίοο
500 2481 734 2570 Μαραθώνιος,
760 2483 814 2566 qui
839 2482 1070 2566 Philadelpheis
1099 2482 1236 2566 palmam
1263 2481 1388 2549 videtur
1411 2482 1532 2551 tulisse.

306 2599 410 2683 ipsum
437 2614 551 2664 nomen
582 2595 755 2684 ulpcrcaulc
781 2596 923 2677 quamuis
953 2595 1055 2662 adhuc
1082 2596 1115 2661 in
1144 2595 1250 2662 lexicis
1280 2614 1343 2662 non
1372 2601 1533 2680 repertum

308 2709 467 2779 offendere
489 2727 551 2775 non
573 2711 706 2791 oportet.
752 2709 850 2775 Recte
870 2707 1039 2775 formatum
1062 2713 1111 2775 est
1132 2727 1171 2775 er
1194 2706 1318 2796 Φῆστος
1343 2707 1537 2774 deminutiva

307 2822 491 2889 formatum
514 2821 662 2904 temporis
685 2819 854 2886 admodum
875 2821 994 2886 usitata
1017 2819 1069 2899 (cl.
1092 2839 1163 2904 pag.
1180 2824 1220 2886 75
1242 2819 1283 2886 ad
1305 2837 1350 2886 vs.
1367 2824 1431 2898 20).

397 2933 542 3000 Pittakis.
560 2932 686 3015 supplet
702 2928 789 2995 θεῶν
812 2931 993 3015 σεβασς]ῶν
1016 2933 1119 3018 ἱερεὺς
1140 2933 1212 3015 κτλ,
1235 2931 1320 3016 quod
1342 2931 1444 2999 eloco
1462 2932 1536 2999 alie·

306 3067 382 3115 num
405 3054 462 3115 cst.
485 3085 527 3096 -

399 3159 448 3225 Vc.
472 3160 504 3225 3.
548 3157 771 3239 Anticosmeta‚
794 3156 849 3240 qui
872 3160 904 3223 et
925 3156 994 3240 ipse
1016 3157 1109 3223 sicuti
1123 3161 1261 3223 cosmeta
1276 3155 1368 3222 simul
1388 3156 1535 3222 sacerdos

308 3276 364 3354 est,
387 3271 471 3352 qnod
493 3288 568 3336 casu
590 3269 655 3335 solo
678 3268 800 3352 accidit,
823 3267 1012 3335 Architimos
1034 3269 1177 3352 Dionysii
1197 3267 1239 3336 fil.
1262 3268 1420 3336 invenitur
1438 3269 1534 3336 etiam

306 3383 340 3448 in
368 3381 416 3446 tit.
446 3379 509 3445 orl.
532 3380 591 3457 ΙΙΙ,
614 3384 726 3462 277,1
758 3380 816 3447 sub
847 3379 997 3447 archonte
1024 3381 1188 3464 Apollonio
1220 3380 1374 3447 Stiriensi.
1419 3382 1465 3448 Ac
1494 3401 1534 3448 ne

307 3493 351 3560 ibi
373 3493 498 3576 quidem
524 3492 652 3558 additur
673 3491 876 3568 demoticum;
904 3493 1011 3573 itaque
1033 3493 1065 3558 in
1095 3492 1266 3576 conplendo
1293 3493 1437 3560 lacunam
1463 3493 1534 3568 reli·

307 3604 442 3686 quimus.

399 3714 450 3782 Vs.
467 3717 498 3780 l.
536 3714 608 3786 τούς
623 3737 658 3779 τε
673 3716 887 3806 συνάρχοντας
901 3718 949 3781 καὶ
964 3717 1036 3788 τοὺς
1050 3715 1292 3806 ἐφηβεύοαντας
1305 3753 1349 3766 -
1364 3715 1533 3805 ἀνέγραῴε,

308 3827 357 3894 vel
378 3827 530 3910 similiter,
553 3827 701 3894 sollennis
723 3827 755 3894 in
777 3827 863 3894 hisce
885 3828 985 3895 titulis
1008 3829 1157 3910 formula3
1181 3829 1218 3896 cf.
1243 3849 1315 3914 pag.
1339 3837 1390 3896 41.

398 3939 449 4006 Vc.
473 3942 501 4008 5.
547 3939 804 4023 Supplemcutum
832 3942 884 4008 vix
912 3941 1050 4008 dubium.
1095 3943 1174 4008 Erat
1201 3943 1346 4007 nimirum
1374 3942 1428 4008 illo
1449 3961 1531 4009 anno

306 4039 438 4118 Athenis
461 4051 603 4142 ἀναρχία,
625 4069 707 4132 quae
728 4055 868 4135 uocatur,
890 4053 913 4117 i.
936 4072 962 4118 e.
993 4071 1093 4119 annus
1123 4053 1275 4121 archonte
1303 4055 1439 4121 carebat.
1486 4055 1533 4121 Si·

306 4162 423 4228 militer
444 4164 476 4229 in
499 4163 533 4230 O.
557 4163 582 4228 Ι.
607 4168 667 4228 192
691 4163 820 4230 dicitur:
850 4165 903 4228 τοῦ
927 4165 1008 4249 μετὰ
1029 4165 1224 4252 Μαμερτῖναν
1247 4164 1410 4253 opponunt]
1434 4164 1530 4229 ἐνιαυ-

307 4275 371 4356 τοῦ,
394 4279 427 4340 et
448 4272 617 4350 O.1.193;
642 4273 706 4341 olel.
729 4275 755 4357 Ι,
780 4279 850 4356 522,
874 4282 907 4341 7:
931 4275 979 4339 ἐπὶ
1002 4278 1055 4340 τοῦ
1075 4277 1156 4362 μετὰ
1180 4276 1294 4365 Τινὴϊον
1308 4275 1455 4341 Ποντικὸν
1477 4276 1531 4363 ἄρ·

300 4407 400 4476 χοντα
422 4385 572 4452 ἐνιαυτοῦ.
615 4387 784 4454 Praeterea
806 4407 833 4454 a.
859 4393 899 4454 83
928 4408 958 4471 p.
983 4388 1054 4454 Chr.
1077 4389 1210 4455 Athenis
1238 4388 1369 4478 ἀναρχία
1390 4388 1450 4454 fuit
1480 4389 1531 4472 (cf.

305 4496 444 4580 Phlegon
472 4498 566 4563 Trall.
598 4498 637 4565 de
665 4500 774 4566 mirab.
803 4519 828 4566 c.
854 4502 917 4584 24).
962 4502 1132 4581 Quaeritur
1160 4507 1265 4568 autem
1300 4521 1362 4584 quo
1390 4503 1422 4568 in
1449 4521 1530 4570 anno

305 4609 357 4677 hic
375 4627 544 4676 versemur.
582 4612 777 4692 Quamquam
800 4613 916 4678 archon
930 4613 982 4680 ille
1000 4612 1032 4680 Γ.
1049 4602 1190 4700 Ἵρερςος
1203 4611 1415 4700 Μαραθώνιος
1436 4615 1531 4680 etiam
