3436 5326
593 732 811 824 ADDENDA
839 737 894 825 ET
923 735 1223 831 tornielum.

296 936 357 1001 Pap.
377 935 401 989 3.
420 935 464 985 lin.
482 935 514 990 31
533 936 602 1002 lepos
618 931 776 1004 Ἀντιοχίδος
793 951 841 1000 pro
857 932 1020 1007 Ἀντιοχιδος.

320 1048 352 1056 -
382 1021 400 1070 l.
418 1021 452 1074 32
470 1021 487 1070 l.
505 1017 682 1090 mortalitas>
695 1037 725 1085 p.
736 1017 905 1090 Ἅντιοχιδος.

294 1124 319 1172 p·
339 1107 362 1160 6.
382 1107 414 1160 22
433 1106 450 1156 l.
469 1107 587 1173 catalogis
603 1124 630 1170 p,
648 1107 802 1175 catalalogis.

321 1219 352 1228 -·
381 1192 448 1246 261.
469 1193 565 1243 invenis
578 1209 608 1256 p.
627 1194 732 1246 iuvenis.

320 1305 351 1315 -
378 1278 411 1334 35
429 1277 446 1328 l.
466 1279 561 1344 primus
580 1287 618 1330 est
634 1295 661 1342 p.
680 1280 823 1346 primusest.

293 1381 319 1430 p·
338 1365 361 1418 7.
381 1366 396 1417 2
416 1364 433 1414 l.
453 1364 496 1430 qui
514 1365 580 1415 idem
596 1382 623 1428 p.
642 1365 759 1431 quiidem.

293 1468 319 1517 p·
340 1451 379 1505 10.
400 1452 431 1504 16
450 1449 658 1501 Broendstod
671 1467 701 1514 p.
719 1452 867 1504 Broeuatad.

293 1555 318 1603 p-
341 1537 378 1590 13.
398 1537 466 1590 241.
487 1536 566 1586 ausim
581 1552 610 1599 p.
629 1537 745 1591 auserim.

296 1641 320 1690 p.
339 1623 379 1676 23.
398 1630 449 1676 not.
471 1625 484 1676 1
503 1622 520 1672 l.
539 1622 588 1672 iam
603 1638 632 1686 p.
646 1622 709 1688 jam.

293 1725 318 1775 p.
337 1709 378 1764 29.
395 1710 412 1761 4
429 1707 447 1758 l.
466 1707 568 1774 adiungi
581 1724 611 1773 p.
631 1708 743 1776 adjungi.

589 1805 602 1834 0

294 1861 319 1914 p·
337 1846 379 1901 30.
398 1847 430 1901 19
448 1846 465 1897 l.
485 1844 555 1912 ΗΡ·
574 1845 611 1908 Π.

293 1949 321 1998 p.
338 1932 380 1988 31.
402 1933 417 1986 2
435 1933 532 1984 litterae
548 1949 576 1997 p.
595 1933 688 1984 itterae.

320 2047 353 2058 -
382 2020 414 2074 18
432 2021 579 2070 coniunctus
593 2035 622 2084 p.
642 2019 806 2074 lconiunctns.

294 2123 318 2173 p.
339 2105 380 2160 32.
401 2107 413 2160 l
434 2104 583 2157 sententiam
597 2121 626 2171 p.
647 2122 693 2156 seu
710 2105 822 2157 tentiam.

319 2220 352 2230 —
380 2190 412 2246 15
430 2207 600 2256 nonumquam
612 2205 643 2254 p.
662 2207 834 2256 nonunquam.

293 2295 318 2344 p·
336 2277 378 2332 33·
398 2278 430 2331 18
444 2285 503 2340 post
521 2283 735 2327 conmemorantur
753 2276 808 2326 dele
826 2293 931 2330 commo.

293 2380 319 2430 p·
336 2364 377 2418 38.
395 2369 446 2414 not.
468 2366 488 2415 l.
510 2363 550 2421 13,
573 2363 603 2414 14
621 2360 708 2412 deletis
722 2362 884 2426 parenthesis
900 2363 979 2432 alpais
996 2365 1066 2431 lepos
1082 2367 1121 2434 τῷ
1134 2361 1219 2434 Ἑρμῇ
1237 2365 1281 2418 sol.
1295 2363 1438 2433 ἀνέθηκεν,
1457 2364 1526 2431 quod

396 2447 545 2514 plerumque
563 2446 690 2497 omittitur.

293 2552 318 2601 p·
337 2534 378 2588 40.
399 2534 430 2586 12
446 2532 474 2583 G.
492 2533 512 2584 Ι.
531 2533 581 2586 287
596 2549 624 2597 p.
644 2533 710 2584 0.1.
728 2535 787 2588 270.

294 2639 319 2689 p.
337 2621 379 2676 41.
401 2621 433 2674 26
452 2617 480 2670 (1.
498 2618 590 2669 Iulium
609 2625 655 2670 eto.
671 2635 698 2683 p.
719 2618 746 2670 (l.
764 2617 868 2671 Julium.

319 2734 351 2744 -
380 2707 413 2760 29
431 2705 466 2758 30
483 2704 563 2755 lulius
580 2721 606 2768 p.
625 2704 717 2756 Julius.

294 2811 319 2861 P·
338 2794 379 2850 lta
398 2793 414 2847 9
433 2787 487 2842 οἱοί
499 2807 526 2854 p.
545 2787 604 2841 ὑιοί.

292 2895 318 2945 p.
336 2881 377 2934 47.
396 2871 435 2930 Ι)οΙ
453 2877 540 2928 demo
558 2875 641 2926 Attico
658 2874 790 2926 Antiochia
808 2874 911 2942 cogitari
928 2891 979 2926 non
997 2892 1072 2941 posse
1089 2875 1129 2928 rel
1151 2877 1209 2928 iude
1228 2875 1374 2943 perspicitur
1392 2876 1459 2943 quod
1488 2877 1527 2928 fe·

396 2963 492 3016 misina
509 2963 589 3014 forma
603 2957 767 3031 Ἀντιόχισσο
785 2977 865 3027 usque
884 2961 1008 3012 invenitur
1026 2963 1052 3012 iu
1065 2962 1152 3026 titulis,
1170 2981 1221 3013 non
1233 2959 1267 3018 ἐξ
1280 2959 1441 3031 Ἀντιοχέων,
1461 2979 1525 3028 quae

396 3047 504 3099 formula
522 3048 548 3098 in
566 3046 657 3098 Atticis
676 3047 823 3098 mulieribus
841 3048 933 3098 usitata
950 3055 988 3098 est
1011 3065 1041 3098 ex
1065 3065 1134 3100 more
1157 3049 1183 3102 in
1207 3050 1287 3099 demis
1310 3057 1422 3115 recept-o,
1449 3050 1527 3101 veluti

397 3131 427 3183 ἐκ
445 3129 628 3201 Ιοργηττίων,
647 3131 676 3182 ἐκ
695 3127 840 3197 Μελιτέων,
860 3131 889 3181 ἐκ
908 3127 1041 3197 Πιτθέων,
1064 3131 1093 3182 ἐκ
1112 3130 1290 3202 Λομπτρέων,
1316 3132 1345 3182 ἐκ
1363 3128 1527 3202 Κηφισιέων,

397 3217 427 3269 ἐκ
445 3213 605 3287 Κεραμέων,
630 3215 659 3267 ἐκ
678 3212 831 3281 delenitor,
856 3225 903 3269 etc.
937 3218 1008 3268 Idem
1031 3219 1097 3269 eadit
1120 3219 1144 3269 in
1163 3219 1325 3270 Heracleotae
1350 3228 1375 3270 et
1398 3220 1523 3271 Milesios:

396 3305 514 3357 mulieres
538 3298 750 3372 Ἡρακλεώτιδες
773 3311 799 3354 et
824 3296 949 3371 Μιλήσιαι
973 3311 1104 3366 vocantur,
1132 3321 1181 3354 non
1205 3300 1239 3362 ἐξ
1265 3299 1470 3372 Ἡρακλεωτῶν,
1498 3303 1528 3353 ἐκ

398 3385 544 3458 Μιλησίων.

395 3475 529 3526 Praeterea
555 3490 606 3524 non
623 3474 717 3524 retineo
735 3490 799 3540 quae
825 3474 857 3524 ds
882 3473 1012 3526 colonia
1034 3473 1115 3526 Attica
1137 3473 1270 3526 Antiochia
1296 3475 1437 3541 suspicatus
1463 3493 1528 3527 sum.

398 3560 471 3623 Quod
489 3560 595 3610 Athenis
614 3567 639 3610 et
656 3559 682 3610 in
701 3560 786 3610 Attica
804 3567 854 3610 tam
873 3559 947 3610 multi
964 3560 1045 3623 tituli,
1059 3561 1224 3630 sepulcrales
1243 3561 1417 3628 potissimum,
1435 3563 1530 3629 reperti

398 3655 456 3699 sunt
474 3647 565 3713 quibus
583 3644 794 3697 Antiochensium
813 3655 839 3696 et
856 3645 1062 3698 Heracleotarum
1082 3651 1186 3699 nomina
1205 3651 1362 3699 continentur
1379 3648 1461 3698 minus
1480 3649 1529 3698 mi·

396 3751 452 3784 rum
468 3732 605 3796 ridebitur,
632 3731 653 3781 si
671 3733 824 3798 reputaveris
846 3731 938 3784 multas
962 3733 1104 3784 nominihus
1122 3734 1281 3785 Heraclea
1305 3741 1330 3783 et
1348 3733 1529 3784 Antiochia

397 3821 471 3871 urbes
489 3818 575 3878 fuisse,
595 3817 735 3884 exquibus
755 3819 816 3868 haut
833 3836 926 3884 paucos
944 3819 1080 3885 inquilinos
1099 3817 1212 3869 Athenas
1226 3818 1375 3869 confluxisse
1389 3818 1443 3868 sine
1456 3818 1526 3869 dubi·

397 3907 490 3956 tatione
509 3922 565 3956 oum
583 3903 712 3955 Boeckhio
731 3905 912 3956 contenderim.
942 3907 1029 3972 Itaque
1047 3924 1096 3956 non
1116 3923 1179 3972 opus
1198 3913 1237 3956 est
1254 3905 1286 3954 ad
1303 3905 1429 3970 propriam
1448 3922 1527 3970 quan-

398 3993 454 4042 dam
479 3992 580 4043 illorum
606 3991 712 4041 Athenis
736 3991 859 4042 coloniam
883 3994 1006 4059 refugere.
1047 3992 1162 4057 Denique
1184 4008 1217 4042 ne
1241 3990 1399 4040 Milesiorum
1424 3991 1527 4057 quidem

399 4076 521 4129 coloniam
540 4075 648 4127 Athenis
673 4076 750 4127 fuisse
774 4085 843 4143 puto.
879 4075 931 4127 Sed
955 4077 976 4127 si
1001 4077 1196 4128 consideraveris
1222 4075 1352 4126 titulorum
1370 4074 1477 4126 Athenis
1502 4084 1528 4126 et

398 4163 422 4212 in
442 4163 524 4213 Attica
542 4170 696 4228 repertorum
714 4163 739 4212 in
758 4163 849 4228 quibus
862 4162 1017 4213 Milesiorum
1036 4163 1137 4212 nomina
1154 4162 1302 4212 exhibentur
1320 4178 1451 4211 numerum
1470 4177 1528 4211 esse

397 4247 562 4298 admodum
581 4247 756 4314 ingentem,
776 4248 797 4298 si
816 4247 906 4299 dcinde
926 4248 951 4298 in
969 4247 1091 4298 rationem
1109 4247 1234 4297 vocareris
1253 4262 1334 4311 usque
1353 4247 1404 4296 sere
1422 4245 1454 4296 ad
1472 4247 1527 4296 An-

406 4335 549 4385 toninorum
567 4342 680 4401 tempora
699 4334 725 4384 in
744 4334 871 4401 ephebiois
884 4334 1003 4401 catalogis
1017 4333 1198 4400 peregrinis
1212 4331 1315 4399 ephebis
1328 4348 1427 4397 semper
1439 4347 1527 4396 super·

401 4419 520 4486 scriptum
540 4437 596 4471 esse
615 4414 818 4488 »Μιλήσιοιμ
850 4420 935 4471 nescio
953 4437 983 4469 an
1003 4420 1034 4469 ab
1054 4420 1104 4470 reri
1124 4418 1286 4470 similitudine
1305 4415 1405 4483 lougius
1428 4416 1529 4466 recedat

398 4505 519 4571 suspicari
539 4503 694 4572 aliquamdiu
712 4505 818 4556 Athonis
837 4523 932 4556 morem
949 4506 1027 4556 fuisse
1051 4506 1152 4556 omnino
1177 4521 1263 4554 omncs
1289 4503 1434 4570 peregrinos
1458 4519 1527 4553 corn-

398 4591 467 4640 muni
485 4591 585 4642 nomine
603 4590 761 4642 Milesiorum
780 4590 918 4658 adpellare.
955 4591 1062 4642 Causam
1081 4592 1103 4642 si
1121 4593 1222 4656 quaeris
1241 4589 1337 4657 ignoro.
