3436 5326
455 1457 519 1549 no
547 1459 770 1550 areanae.
797 1453 1115 1556 sucurrones.
1144 1447 1206 1580 νο·
1233 1474 1322 1555 2235

543 1624 596 1714 ur
622 1621 869 1716 ruuuron.
898 1622 958 1733 u,
987 1641 1070 1744 em
1117 1621 1178 1724 ru,
1206 1640 1258 1720 es.

286 1915 410 2009 Titulus
432 1942 464 2008 in
486 1943 616 2027 Ephem.
641 1943 723 2010 arch.
746 1963 796 2010 no.
822 1947 903 2009 2235
927 1943 1063 2026 ephebos
1084 1942 1177 2008 unius
1193 1941 1419 2024 systremmotis
1442 1961 1514 2009 con-

285 2058 367 2123 tinet
387 2061 492 2140 atque,
514 2059 552 2120 ut
571 2060 660 2136 patet
675 2073 712 2120 ex
729 2073 773 2121 VS.
790 2059 829 2120 22
854 2054 1143 2142 (ποιὸοτριβοῦντος
1160 2049 1366 2134 Ἄβοοκάντοο
1383 2051 1452 2124 ἔτος
1466 2049 1512 2132 ι’),

288 2167 632 2262 decimopaedotribae
655 2166 827 2232 Abascanti
849 2185 941 2248 anno,
969 2167 989 2230 i.
1013 2186 1039 2233 e.
1064 2186 1092 2232 a.
1119 2171 1178 2230 147
1203 2163 1253 2247 (of.
1277 2184 1347 2247 pag.
1373 2170 1422 2231 16.
1446 2165 1511 2246 21),

285 2285 334 2347 est
356 2280 542 2362 conpositus
580 2277 640 2344 Est
662 2283 767 2344 autem
790 2278 859 2344 ideo
882 2279 1031 2344 momenti
1053 2277 1206 2362 quiahoc
1229 2295 1266 2342 ex
1287 2277 1381 2344 titulo
1403 2277 1434 2342 in
1452 2277 1512 2342 alio

285 2392 430 2472 quodam,
454 2391 493 2456 de
515 2408 577 2472 quo
600 2406 672 2453 mox
694 2389 848 2471 dicemus
872 2389 1022 2470 conplura
1044 2395 1194 2471 poterunt
1215 2389 1355 2464 restitui,
1379 2389 1406 2454 si
1427 2389 1514 2472 prius

287 2501 338 2566 hic
361 2501 428 2583 ipse
451 2501 592 2583 expletus
615 2501 692 2576 erit3
722 2506 796 2566 sunt
817 2501 899 2567 enim
921 2519 967 2568 vs.
992 2507 1074 2567 1-4
1096 2502 1209 2567 mutili.
1253 2501 1314 2580 Qui
1342 2519 1411 2567 meo
1436 2501 1515 2566 iudi-

286 2613 334 2678 cio
359 2611 403 2678 sic
425 2617 499 2678 sunt
520 2611 716 2693 restituendi,

776 2719 900 2812 Ἀγοθῇ
923 2725 1013 2815 calm

541 2829 610 2899 Ἐπὶ
631 2833 784 2923 ἄρχοντος
806 2833 874 2916 op.
894 2831 1060 2923 Ἀρῤιανοῦ
1082 2833 1248 2906 Παιανιέος

647 2947 908 3035 romphaeam<
926 2944 1091 3036 Ἀθηναίου

643 3055 829 3145 trachatur]
854 3057 1007 3147 ἀνέθηκεν

541 3197 546 3204 ’
643 3175 706 3233 τῶν
728 3171 813 3235 ἰδίων
836 3172 1032 3262 πολέμαρχος
1050 3167 1158 3235 Ἀπολ-

642 3283 783 3371 λοφάνης
807 3283 997 3371 συνεφήβων

553 3460 555 3464 ,
643 3394 774 3459 (secuntur
792 3395 946 3460 epheborum
963 3394 1085 3461 nomina.)

370 3515 423 3582 Vs.
447 3519 476 3582 2.
513 3533 626 3581 nomen
648 3514 693 3581 sio
715 3515 911 3580 restituimus
934 3515 1046 3582 collato
1070 3513 1104 3580 O.
1127 3515 1151 3581 1.
1176 3519 1246 3592 193,
1269 3513 1324 3579 ubi
1346 3512 1429 3578 inter
1443 3529 1513 3594 pry-

284 3631 375 3692 tanes
402 3631 551 3708 conparet
574 3625 627 3693 nr.
653 3621 811 3713 Ἀῤῥιανὸς
840 3625 1015 3698 Παιανιεύς.
1059 3627 1191 3693 Dubitet
1221 3625 1290 3709 quis
1319 3625 1357 3690 de
1385 3640 1515 3707 praeno-

284 3741 378 3804 mine.
426 3740 470 3804 At
496 3738 584 3822 ipsae
614 3756 695 3819 qnae
724 3756 769 3804 vs.
799 3741 817 3801 2
852 3742 960 3802 entant
987 3739 1165 3804 litterarum
1194 3735 1344 3818 reliquiae
1377 3735 1516 3800 indicare

287 3850 435 3916 videntur
463 3847 517 3916 ol.
566 3846 693 3914 Etenim
728 3855 801 3915 ante
833 3843 1004 3936 Ἀῤῥιανοῦ
1037 3857 1182 3935 superest
1210 3857 1297 3944 hx,
1330 3850 1416 3935 quod
1448 3869 1517 3916 cen·

286 3979 342 4028 seo
375 3961 472 4028 fuisse
505 3946 603 4050 Φλς
636 3965 767 4032 formam
796 3962 821 4033 Φ
850 3985 907 4047 pro
937 3961 967 4036 Φ
1001 3965 1157 4032 offendere
1190 3986 1251 4033 non
1277 3966 1414 4048 oportet,
1443 3961 1517 4044 quia

283 4091 341 4156 per
368 4077 470 4140 totum
502 4075 629 4143 titulum
656 4079 804 4146 scribitur
832 4078 866 4147 Ο
895 4103 954 4167 pro
978 4083 1027 4175 0,
1057 4089 1082 4162 [
1109 4102 1166 4167 pro
1189 4083 1239 4182 X,
1272 4077 1306 4152 W
1328 4094 1385 4159 1)Υο
1408 4075 1445 4146 Ω
1466 4073 1517 4139 Vel

284 4189 336 4269 to,
366 4183 401 4258 Μ
422 4205 480 4270 pro
505 4191 557 4282 Μ,
579 4194 611 4264 Υ
633 4210 690 4273 pro
713 4197 760 4270 Υ;
790 4193 897 4276 itaque
923 4195 972 4260 his
1000 4215 1070 4262 cum
1099 4193 1207 4262 formis
1235 4197 1352 4278 optime
1381 4194 1516 4277 quadrat

282 4296 429 4373 formae
462 4301 520 4384 (Of.
543 4304 654 4369 Franz.
679 4304 716 4370 el.
746 4305 843 4386 epigr.
873 4297 945 4389 pag.
968 4311 1030 4372 244
1058 4308 1149 4390 sqq.).
1197 4308 1386 4374 Persuasum
1413 4305 1513 4371 habeo

288 4428 333 4479 ve.
356 4416 375 4476 2
406 4413 555 4496 scriptum
587 4413 684 4481 fuisse
713 4414 766 4483 ul.
794 4413 954 4504 Ἀῤῥιανοῢ
984 4417 1155 4490 Παιανιέος.
1203 4419 1302 4486 Immo
1330 4437 1404 4486 vero
1432 4417 1515 4501 eogi-

291 4523 354 4589 tari
376 4529 482 4608 potest
512 4525 550 4592 de
578 4527 768 4594 nobilissimo
798 4529 850 4595 illo
879 4530 1062 4614 philosopho
1094 4536 1126 4597 et
1152 4551 1259 4598 rerum
1286 4531 1438 4614 scriptore
1459 4530 1517 4594 Ar·

289 4635 388 4718 riano,
411 4637 466 4718 qui
491 4655 549 4721 per
570 4638 739 4724 Hadriani,
762 4641 913 4708 Antonini
934 4643 997 4720 Pii,
1027 4644 1071 4710 M.
1094 4645 1212 4712 Aurelii
1239 4648 1376 4712 aetatem
1403 4641 1516 4710 floruit.
