<?xml version="1.0" encoding="UTF-8"?>
<!DOCTYPE html PUBLIC "-//W3C//DTD XHTML 1.0 Transitional//EN"
    "http://www.w3.org/TR/xhtml1/DTD/xhtml1-transitional.dtd">
<html xmlns="http://www.w3.org/1999/xhtml" xml:lang="en" lang="en">
 <head>
  <title>
</title>
<meta http-equiv="Content-Type" content="text/html;charset=utf-8" />
  <meta name='ocr-system' content='tesseract 3.04.00' />
  <meta name='ocr-capabilities' content='ocr_page ocr_carea ocr_par ocr_line ocrx_word'/>
</head>
<body>
  <div class='ocr_page' id='page_1' title='image "./commentationese00neubgoog_0114.png"; bbox 0 0 3436 5326; ppageno 0'>
   <div class='ocr_carea' id='block_1_1' title="bbox 686 429 920 493">
    <p class='ocr_par' dir='ltr' id='par_1_1' title="bbox 686 429 920 493">
     <span class='ocr_line' id='line_1_1' title="bbox 686 429 920 493; baseline 0 -1"><span class='ocrx_word' id='word_1_1' title='bbox 686 429 920 493; x_wconf 86' lang='lat'>-101—</span> 
     </span>
    </p>
   </div>
   <div class='ocr_carea' id='block_1_2' title="bbox 118 609 1413 4516">
    <p class='ocr_par' dir='ltr' id='par_1_2' title="bbox 178 609 1413 1040">
     <span class='ocr_line' id='line_1_2' title="bbox 264 609 1411 708; baseline 0.009 -32"><span class='ocrx_word' id='word_1_2' title='bbox 264 611 368 694; x_wconf 84' lang='lat' dir='ltr'><strong>Atque</strong></span> <span class='ocrx_word' id='word_1_3' title='bbox 389 633 434 679; x_wconf 83' lang='lat' dir='ltr'><strong>ve.</strong></span> <span class='ocrx_word' id='word_1_4' title='bbox 458 615 480 678; x_wconf 87' lang='lat'><strong><em>6</em></strong></span> <span class='ocrx_word' id='word_1_5' title='bbox 502 611 549 701; x_wconf 90' lang='lat' dir='ltr'><strong>(in</strong></span> <span class='ocrx_word' id='word_1_6' title='bbox 563 609 606 700; x_wconf 81' lang='lat' dir='ltr'><strong>A)</strong></span> <span class='ocrx_word' id='word_1_7' title='bbox 629 611 778 682; x_wconf 82' lang='lat' dir='ltr'><strong>scribitur</strong></span> <span class='ocrx_word' id='word_1_8' title='bbox 798 612 1003 705; x_wconf 70' lang='grc' dir='ltr'><em>Δημοσθένης</em></span> <span class='ocrx_word' id='word_1_9' title='bbox 1022 615 1149 707; x_wconf 65' lang='lat' dir='ltr'><strong>Epor*</strong></span> <span class='ocrx_word' id='word_1_10' title='bbox 1180 617 1213 685; x_wconf 89' lang='lat' dir='ltr'><strong>id</strong></span> <span class='ocrx_word' id='word_1_11' title='bbox 1235 624 1284 688; x_wconf 86' lang='lat' dir='ltr'><strong>esi</strong></span> <span class='ocrx_word' id='word_1_12' title='bbox 1305 619 1411 708; x_wconf 75' lang='grc' dir='ltr'><em>Σφῆτ-</em></span> 
     </span>
     <span class='ocr_line' id='line_1_3' title="bbox 179 723 1413 822; baseline 0.011 -36"><span class='ocrx_word' id='word_1_13' title='bbox 179 745 252 793; x_wconf 85' lang='grc' dir='ltr'><em>πιος.</em></span> <span class='ocrx_word' id='word_1_14' title='bbox 289 723 378 790; x_wconf 85' lang='lat' dir='ltr'>Idem</span> <span class='ocrx_word' id='word_1_15' title='bbox 399 729 505 792; x_wconf 86' lang='lat' dir='ltr'><strong>nutem</strong></span> <span class='ocrx_word' id='word_1_16' title='bbox 527 725 560 792; x_wconf 96' lang='lat' dir='ltr'><strong>in</strong></span> <span class='ocrx_word' id='word_1_17' title='bbox 581 723 611 790; x_wconf 92' lang='lat' dir='ltr'><strong>B</strong></span> <span class='ocrx_word' id='word_1_18' title='bbox 633 743 678 793; x_wconf 84' lang='lat' dir='ltr'><strong>vs.</strong></span> <span class='ocrx_word' id='word_1_19' title='bbox 705 731 741 802; x_wconf 90' lang='lat'><strong>11</strong></span> <span class='ocrx_word' id='word_1_20' title='bbox 766 725 828 794; x_wconf 82' lang='lat' dir='ltr'><strong>fert</strong></span> <span class='ocrx_word' id='word_1_21' title='bbox 850 727 995 796; x_wconf 84' lang='lat' dir='ltr'><strong>demotioi</strong></span> <span class='ocrx_word' id='word_1_22' title='bbox 1021 729 1227 813; x_wconf 83' lang='lat' dir='ltr'><strong>conpendium</strong></span> <span class='ocrx_word' id='word_1_23' title='bbox 1252 728 1353 822; x_wconf 63' lang='lat' dir='ltr'><strong>epp*</strong></span> <span class='ocrx_word' id='word_1_24' title='bbox 1380 733 1413 800; x_wconf 87' lang='lat' dir='ltr'><strong>id</strong></span> 
     </span>
     <span class='ocr_line' id='line_1_4' title="bbox 179 831 1413 926; baseline 0.011 -27"><span class='ocrx_word' id='word_1_25' title='bbox 179 838 229 900; x_wconf 87' lang='lat' dir='ltr'><strong>est</strong></span> <span class='ocrx_word' id='word_1_26' title='bbox 253 831 435 922; x_wconf 64' lang='grc' dir='ltr'><em>Φηγούσιος.</em></span> <span class='ocrx_word' id='word_1_27' title='bbox 484 835 586 922; x_wconf 80' lang='lat' dir='ltr'><strong>Culpa</strong></span> <span class='ocrx_word' id='word_1_28' title='bbox 614 837 790 922; x_wconf 84' lang='lat' dir='ltr'><strong>inputende</strong></span> <span class='ocrx_word' id='word_1_29' title='bbox 817 838 942 906; x_wconf 84' lang='lat' dir='ltr'><strong>videtur</strong></span> <span class='ocrx_word' id='word_1_30' title='bbox 965 839 1133 925; x_wconf 71' lang='lat' dir='ltr'><strong>sculptori,</strong></span> <span class='ocrx_word' id='word_1_31' title='bbox 1164 841 1219 926; x_wconf 92' lang='lat' dir='ltr'><strong>qui</strong></span> <span class='ocrx_word' id='word_1_32' title='bbox 1246 862 1317 911; x_wconf 90' lang='lat' dir='ltr'><strong>oum</strong></span> <span class='ocrx_word' id='word_1_33' title='bbox 1338 845 1413 912; x_wconf 87' lang='lat' dir='ltr'><strong>seri-</strong></span> 
     </span>
     <span class='ocr_line' id='line_1_5' title="bbox 178 944 1279 1040; baseline 0.009 -28"><span class='ocrx_word' id='word_1_34' title='bbox 178 944 255 1013; x_wconf 84' lang='lat' dir='ltr'>bere</span> <span class='ocrx_word' id='word_1_35' title='bbox 276 946 370 1015; x_wconf 87' lang='lat' dir='ltr'>vellet</span> <span class='ocrx_word' id='word_1_36' title='bbox 390 947 551 1016; x_wconf 80' lang='lat' dir='ltr'><strong>nHMoc</strong></span> <span class='ocrx_word' id='word_1_37' title='bbox 563 949 724 1018; x_wconf 77' lang='lat' dir='ltr'><em>OENHG</em></span> <span class='ocrx_word' id='word_1_38' title='bbox 739 949 760 1018; x_wconf 77' lang='grc' dir='ltr'>ί</span> <span class='ocrx_word' id='word_1_39' title='bbox 771 950 835 1016; x_wconf 85' lang='lat' dir='ltr'><strong>on</strong></span> <span class='ocrx_word' id='word_1_40' title='bbox 844 953 901 1017; x_wconf 79' lang='grc' dir='ltr'>Γ</span> <span class='ocrx_word' id='word_1_41' title='bbox 923 953 1050 1038; x_wconf 84' lang='lat' dir='ltr'><strong>scripsit</strong></span> <span class='ocrx_word' id='word_1_42' title='bbox 1076 954 1279 1040; x_wconf 81' lang='lat' dir='ltr'>neglegenter</span> 
     </span>
    </p>

    <p class='ocr_par' dir='ltr' id='par_1_3' title="bbox 177 1060 1412 1601">
     <span class='ocr_line' id='line_1_6' title="bbox 421 1060 1412 1152; baseline 0.013 -29"><span class='ocrx_word' id='word_1_43' title='bbox 421 1060 1098 1150; x_wconf 55' lang='lat' dir='ltr'><strong>AHMOCOENHCeHrmmissaunn</strong></span> <span class='ocrx_word' id='word_1_44' title='bbox 1114 1066 1221 1133; x_wconf 86' lang='lat' dir='ltr'><strong>littere</strong></span> <span class='ocrx_word' id='word_1_45' title='bbox 1238 1064 1275 1152; x_wconf 68' lang='lat'><strong>03</strong></span> <span class='ocrx_word' id='word_1_46' title='bbox 1298 1067 1412 1136; x_wconf 55' lang='lat' dir='ltr'><strong>Cuma*</strong></span> 
     </span>
     <span class='ocr_line' id='line_1_7' title="bbox 177 1170 1412 1260; baseline 0.008 -24"><span class='ocrx_word' id='word_1_47' title='bbox 177 1170 279 1238; x_wconf 86' lang='lat' dir='ltr'><strong>nudos</strong></span> <span class='ocrx_word' id='word_1_48' title='bbox 297 1190 371 1239; x_wconf 90' lang='lat' dir='ltr'><strong>vero</strong></span> <span class='ocrx_word' id='word_1_49' title='bbox 383 1172 548 1256; x_wconf 86' lang='lat' dir='ltr'><strong>descripsit</strong></span> <span class='ocrx_word' id='word_1_50' title='bbox 560 1175 746 1243; x_wconf 87' lang='lat' dir='ltr'><strong>demotionm</strong></span> <span class='ocrx_word' id='word_1_51' title='bbox 764 1173 897 1240; x_wconf 72' lang='lat' dir='ltr'><strong>enr‘</strong></span> <span class='ocrx_word' id='word_1_52' title='bbox 897 1225 906 1260; x_wconf 87' lang='lat'><em>,</em></span> <span class='ocrx_word' id='word_1_53' title='bbox 939 1175 1013 1260; x_wconf 85' lang='lat' dir='ltr'><strong>qnia</strong></span> <span class='ocrx_word' id='word_1_54' title='bbox 1044 1170 1122 1242; x_wconf 92' lang='lat' dir='ltr'><strong>illud</strong></span> <span class='ocrx_word' id='word_1_55' title='bbox 1149 1175 1329 1245; x_wconf 81' lang='lat' dir='ltr'><strong>Tiortosse</strong></span> <span class='ocrx_word' id='word_1_56' title='bbox 1350 1179 1412 1246; x_wconf 88' lang='lat' dir='ltr'>lee-</span> 
     </span>
     <span class='ocr_line' id='line_1_8' title="bbox 178 1283 1411 1373; baseline 0.006 -25"><span class='ocrx_word' id='word_1_57' title='bbox 178 1300 249 1348; x_wconf 90' lang='lat' dir='ltr'><strong>sum</strong></span> <span class='ocrx_word' id='word_1_58' title='bbox 259 1283 364 1349; x_wconf 81' lang='lat' dir='ltr'><strong>eratin</strong></span> <span class='ocrx_word' id='word_1_59' title='bbox 372 1283 485 1365; x_wconf 83' lang='lat' dir='ltr'><strong>lapide,</strong></span> <span class='ocrx_word' id='word_1_60' title='bbox 494 1286 742 1370; x_wconf 83' lang='lat' dir='ltr'><strong>autquielegens</strong></span> <span class='ocrx_word' id='word_1_61' title='bbox 755 1285 822 1352; x_wconf 74' lang='lat' dir='ltr'><strong>orl</strong></span> <span class='ocrx_word' id='word_1_62' title='bbox 830 1285 890 1351; x_wconf 75' lang='grc' dir='ltr'>Γ</span> <span class='ocrx_word' id='word_1_63' title='bbox 890 1333 898 1366; x_wconf 89' lang='grc'><em>,</em></span> <span class='ocrx_word' id='word_1_64' title='bbox 921 1305 991 1355; x_wconf 88' lang='lat' dir='ltr'><strong>eum</strong></span> <span class='ocrx_word' id='word_1_65' title='bbox 1012 1287 1075 1356; x_wconf 85' lang='lat' dir='ltr'><strong>tole</strong></span> <span class='ocrx_word' id='word_1_66' title='bbox 1090 1285 1275 1356; x_wconf 88' lang='lat' dir='ltr'><strong>demotioum</strong></span> <span class='ocrx_word' id='word_1_67' title='bbox 1288 1289 1411 1373; x_wconf 85' lang='lat' dir='ltr'><strong>ignora-</strong></span> 
     </span>
     <span class='ocr_line' id='line_1_9' title="bbox 177 1394 1411 1488; baseline 0.006 -28"><span class='ocrx_word' id='word_1_68' title='bbox 177 1399 245 1476; x_wconf 87' lang='lat' dir='ltr'><strong>ret,</strong></span> <span class='ocrx_word' id='word_1_69' title='bbox 273 1395 352 1462; x_wconf 90' lang='lat' dir='ltr'><strong>illud</strong></span> <span class='ocrx_word' id='word_1_70' title='bbox 372 1413 430 1479; x_wconf 88' lang='lat' dir='ltr'><strong>pro</strong></span> <span class='ocrx_word' id='word_1_71' title='bbox 454 1394 587 1461; x_wconf 78' lang='lat' dir='ltr'><strong>our·</strong></span> <span class='ocrx_word' id='word_1_72' title='bbox 609 1397 629 1463; x_wconf 92' lang='lat' dir='ltr'><strong>i.</strong></span> <span class='ocrx_word' id='word_1_73' title='bbox 651 1417 678 1464; x_wconf 90' lang='lat' dir='ltr'>e.</span> <span class='ocrx_word' id='word_1_74' title='bbox 704 1397 878 1488; x_wconf 69' lang='grc' dir='ltr'><em>Φηγούσιος</em></span> <span class='ocrx_word' id='word_1_75' title='bbox 899 1399 1019 1467; x_wconf 84' lang='lat' dir='ltr'><strong>hebuit.</strong></span> <span class='ocrx_word' id='word_1_76' title='bbox 1064 1400 1274 1468; x_wconf 88' lang='lat' dir='ltr'><strong>Retinendum</strong></span> <span class='ocrx_word' id='word_1_77' title='bbox 1302 1403 1411 1486; x_wconf 88' lang='lat' dir='ltr'><strong>utique</strong></span> 
     </span>
     <span class='ocr_line' id='line_1_10' title="bbox 177 1506 918 1601; baseline 0.003 -27"><span class='ocrx_word' id='word_1_78' title='bbox 177 1507 304 1575; x_wconf 83' lang='lat' dir='ltr'><strong>videtur</strong></span> <span class='ocrx_word' id='word_1_79' title='bbox 331 1525 399 1575; x_wconf 86' lang='lat' dir='ltr'><strong>esse</strong></span> <span class='ocrx_word' id='word_1_80' title='bbox 422 1508 496 1596; x_wconf 80' lang='lat' dir='ltr'><strong>Au&#39;p.</strong></span> <span class='ocrx_word' id='word_1_81' title='bbox 520 1506 729 1600; x_wconf 69' lang='grc' dir='ltr'><em>Δημοσθένης</em></span> <span class='ocrx_word' id='word_1_82' title='bbox 752 1507 778 1574; x_wconf 87' lang='lat' dir='ltr'><em>C</em></span> <span class='ocrx_word' id='word_1_83' title='bbox 781 1513 918 1601; x_wconf 71' lang='grc' dir='ltr'><em>φὴττιυς.</em></span> 
     </span>
    </p>

    <p class='ocr_par' dir='ltr' id='par_1_4' title="bbox 118 1615 1411 2724">
     <span class='ocr_line' id='line_1_11' title="bbox 271 1615 1411 1711; baseline 0.007 -27"><span class='ocrx_word' id='word_1_84' title='bbox 271 1617 323 1684; x_wconf 85' lang='lat' dir='ltr'><strong>Ve.</strong></span> <span class='ocrx_word' id='word_1_85' title='bbox 348 1621 396 1687; x_wconf 84' lang='lat'><strong>12.</strong></span> <span class='ocrx_word' id='word_1_86' title='bbox 442 1620 486 1704; x_wconf 91' lang='lat' dir='ltr'><strong>(in</strong></span> <span class='ocrx_word' id='word_1_87' title='bbox 508 1621 548 1704; x_wconf 84' lang='lat' dir='ltr'><strong>A)</strong></span> <span class='ocrx_word' id='word_1_88' title='bbox 571 1619 689 1704; x_wconf 82' lang='lat' dir='ltr'><strong>legitur</strong></span> <span class='ocrx_word' id='word_1_89' title='bbox 707 1615 886 1708; x_wconf 74' lang='grc' dir='ltr'><em>Ὄλυμπος)</em></span> <span class='ocrx_word' id='word_1_90' title='bbox 910 1622 1104 1710; x_wconf 79' lang='grc' dir='ltr'><em>Λαμπτρεύς.</em></span> <span class='ocrx_word' id='word_1_91' title='bbox 1140 1621 1293 1711; x_wconf 86' lang='lat' dir='ltr'><strong>Signum)</strong></span> <span class='ocrx_word' id='word_1_92' title='bbox 1317 1624 1411 1708; x_wconf 85' lang='lat' dir='ltr'><strong>signi·</strong></span> 
     </span>
     <span class='ocr_line' id='line_1_12' title="bbox 177 1731 1410 1818; baseline 0.005 -20"><span class='ocrx_word' id='word_1_93' title='bbox 177 1731 252 1798; x_wconf 84' lang='lat' dir='ltr'><strong>ficet</strong></span> <span class='ocrx_word' id='word_1_94' title='bbox 279 1733 380 1816; x_wconf 83' lang='lat' dir='ltr'><strong>petris</strong></span> <span class='ocrx_word' id='word_1_95' title='bbox 405 1737 438 1800; x_wconf 89' lang='lat' dir='ltr'><strong>et</strong></span> <span class='ocrx_word' id='word_1_96' title='bbox 459 1732 515 1800; x_wconf 91' lang='lat' dir='ltr'><strong>filii</strong></span> <span class='ocrx_word' id='word_1_97' title='bbox 538 1751 650 1800; x_wconf 93' lang='lat' dir='ltr'><strong>nomen</strong></span> <span class='ocrx_word' id='word_1_98' title='bbox 677 1733 759 1801; x_wconf 88' lang='lat' dir='ltr'><strong>idern</strong></span> <span class='ocrx_word' id='word_1_99' title='bbox 782 1752 860 1801; x_wconf 90' lang='lat' dir='ltr'><strong>esse.</strong></span> <span class='ocrx_word' id='word_1_100' title='bbox 905 1735 943 1800; x_wconf 93' lang='lat' dir='ltr'><strong>In</strong></span> <span class='ocrx_word' id='word_1_101' title='bbox 969 1736 1017 1800; x_wconf 91' lang='lat' dir='ltr'><strong>tit.</strong></span> <span class='ocrx_word' id='word_1_102' title='bbox 1041 1733 1068 1799; x_wconf 94' lang='lat' dir='ltr'><strong>B</strong></span> <span class='ocrx_word' id='word_1_103' title='bbox 1090 1735 1173 1802; x_wconf 86' lang='lat' dir='ltr'><strong>inter</strong></span> <span class='ocrx_word' id='word_1_104' title='bbox 1188 1734 1410 1818; x_wconf 87' lang='lat' dir='ltr'><strong>Lamptrenses</strong></span> 
     </span>
     <span class='ocr_line' id='line_1_13' title="bbox 178 1843 1410 1934; baseline 0.002 -25"><span class='ocrx_word' id='word_1_105' title='bbox 178 1863 224 1909; x_wconf 85' lang='lat' dir='ltr'><strong>vs.</strong></span> <span class='ocrx_word' id='word_1_106' title='bbox 248 1849 377 1911; x_wconf 80' lang='grc'>43-44</span> <span class='ocrx_word' id='word_1_107' title='bbox 398 1845 558 1913; x_wconf 88' lang='lat' dir='ltr'><strong>invenitur</strong></span> <span class='ocrx_word' id='word_1_108' title='bbox 580 1867 656 1916; x_wconf 85' lang='lat' dir='ltr'><strong>sone</strong></span> <span class='ocrx_word' id='word_1_109' title='bbox 671 1845 835 1934; x_wconf 80' lang='grc' dir='ltr'><em>Ὄλυμπος,</em></span> <span class='ocrx_word' id='word_1_110' title='bbox 857 1854 892 1916; x_wconf 88' lang='lat' dir='ltr'><strong>at</strong></span> <span class='ocrx_word' id='word_1_111' title='bbox 913 1867 977 1916; x_wconf 95' lang='lat' dir='ltr'><strong>non</strong></span> <span class='ocrx_word' id='word_1_112' title='bbox 994 1843 1154 1933; x_wconf 78' lang='grc' dir='ltr'><strong><em>Ὀλύμπου,</em></strong></span> <span class='ocrx_word' id='word_1_113' title='bbox 1178 1849 1234 1916; x_wconf 89' lang='lat' dir='ltr'><strong>sed</strong></span> <span class='ocrx_word' id='word_1_114' title='bbox 1252 1844 1410 1913; x_wconf 83' lang='grc' dir='ltr'><em>Ἀπολλω-</em></span> 
     </span>
     <span class='ocr_line' id='line_1_14' title="bbox 179 1955 1408 2048; baseline 0.005 -28"><span class='ocrx_word' id='word_1_115' title='bbox 179 1955 245 2020; x_wconf 81' lang='grc' dir='ltr'><em>νίου</em></span> <span class='ocrx_word' id='word_1_116' title='bbox 268 1961 317 2023; x_wconf 90' lang='lat' dir='ltr'><strong>est</strong></span> <span class='ocrx_word' id='word_1_117' title='bbox 338 1955 427 2026; x_wconf 85' lang='lat' dir='ltr'><strong>filius.</strong></span> <span class='ocrx_word' id='word_1_118' title='bbox 467 1959 578 2043; x_wconf 76' lang='lat' dir='ltr'><strong>Itaque</strong></span> <span class='ocrx_word' id='word_1_119' title='bbox 600 1960 633 2026; x_wconf 95' lang='lat' dir='ltr'><strong>in</strong></span> <span class='ocrx_word' id='word_1_120' title='bbox 655 1962 683 2026; x_wconf 86' lang='grc' dir='ltr'><strong>Α</strong></span> <span class='ocrx_word' id='word_1_121' title='bbox 705 1978 750 2027; x_wconf 81' lang='lat' dir='ltr'><strong>ne.</strong></span> <span class='ocrx_word' id='word_1_122' title='bbox 769 1967 807 2027; x_wconf 88' lang='lat'><strong>12</strong></span> <span class='ocrx_word' id='word_1_123' title='bbox 830 1966 887 2029; x_wconf 86' lang='lat' dir='ltr'><strong>ent</strong></span> <span class='ocrx_word' id='word_1_124' title='bbox 908 1979 1005 2044; x_wconf 87' lang='lat' dir='ltr'><strong>preve</strong></span> <span class='ocrx_word' id='word_1_125' title='bbox 1027 1961 1170 2028; x_wconf 85' lang='lat' dir='ltr'><strong>additum</strong></span> <span class='ocrx_word' id='word_1_126' title='bbox 1192 1964 1242 2027; x_wconf 89' lang='lat' dir='ltr'><strong>est</strong></span> <span class='ocrx_word' id='word_1_127' title='bbox 1266 1962 1408 2048; x_wconf 88' lang='lat' dir='ltr'><strong>signum)</strong></span> 
     </span>
     <span class='ocr_line' id='line_1_15' title="bbox 178 2069 1410 2142; baseline 0.006 -7"><span class='ocrx_word' id='word_1_128' title='bbox 178 2074 236 2136; x_wconf 87' lang='lat' dir='ltr'><strong>eut</strong></span> <span class='ocrx_word' id='word_1_129' title='bbox 267 2069 300 2134; x_wconf 91' lang='lat' dir='ltr'><strong>in</strong></span> <span class='ocrx_word' id='word_1_130' title='bbox 329 2069 356 2134; x_wconf 92' lang='lat' dir='ltr'>B</span> <span class='ocrx_word' id='word_1_131' title='bbox 389 2087 435 2135; x_wconf 89' lang='lat' dir='ltr'><strong>vs.</strong></span> <span class='ocrx_word' id='word_1_132' title='bbox 459 2074 501 2136; x_wconf 88' lang='grc'><strong>44</strong></span> <span class='ocrx_word' id='word_1_133' title='bbox 533 2089 595 2138; x_wconf 93' lang='lat' dir='ltr'><strong>non</strong></span> <span class='ocrx_word' id='word_1_134' title='bbox 625 2078 710 2140; x_wconf 88' lang='lat' dir='ltr'><strong>recte</strong></span> <span class='ocrx_word' id='word_1_135' title='bbox 739 2073 778 2141; x_wconf 85' lang='lat' dir='ltr'><strong>ab</strong></span> <span class='ocrx_word' id='word_1_136' title='bbox 808 2072 991 2140; x_wconf 83' lang='lat' dir='ltr'><strong>Cumanude</strong></span> <span class='ocrx_word' id='word_1_137' title='bbox 1022 2072 1146 2140; x_wconf 85' lang='lat' dir='ltr'><strong>lectum.</strong></span> <span class='ocrx_word' id='word_1_138' title='bbox 1191 2073 1340 2140; x_wconf 81' lang='lat' dir='ltr'>Fortasse</span> <span class='ocrx_word' id='word_1_139' title='bbox 1377 2074 1410 2142; x_wconf 91' lang='lat' dir='ltr'><strong>in</strong></span> 
     </span>
     <span class='ocr_line' id='line_1_16' title="bbox 177 2171 1409 2276; baseline 0.002 -20"><span class='ocrx_word' id='word_1_140' title='bbox 177 2190 283 2272; x_wconf 83' lang='lat' dir='ltr'><strong>lepide</strong></span> <span class='ocrx_word' id='word_1_141' title='bbox 305 2195 463 2273; x_wconf 89' lang='lat' dir='ltr'><strong>superest:</strong></span> <span class='ocrx_word' id='word_1_142' title='bbox 595 2171 704 2269; x_wconf 66' lang='lat' dir='ltr'><strong>Oitx</strong></span> <span class='ocrx_word' id='word_1_143' title='bbox 743 2238 751 2254; x_wconf 90' lang='lat'><strong>.</strong></span> <span class='ocrx_word' id='word_1_144' title='bbox 793 2189 964 2271; x_wconf 79' lang='lat' dir='ltr'><strong>iiiOY,²</strong></span> <span class='ocrx_word' id='word_1_145' title='bbox 1009 2190 1208 2258; x_wconf 83' lang='lat' dir='ltr'><strong>Onmenudes</strong></span> <span class='ocrx_word' id='word_1_146' title='bbox 1239 2211 1314 2259; x_wconf 87' lang='lat' dir='ltr'><strong>vero</strong></span> <span class='ocrx_word' id='word_1_147' title='bbox 1337 2212 1409 2276; x_wconf 92' lang='lat' dir='ltr'><strong>sup-</strong></span> 
     </span>
     <span class='ocr_line' id='line_1_17' title="bbox 177 2288 1408 2392; baseline 0.003 -22"><span class='ocrx_word' id='word_1_148' title='bbox 177 2305 326 2388; x_wconf 87' lang='lat' dir='ltr'><strong>pleverit:</strong></span> <span class='ocrx_word' id='word_1_149' title='bbox 498 2288 933 2391; x_wconf 70' lang='grc' dir='ltr'>ᾹΠΟ]ᾹᾹ[ω]Ν1οΥ,</span> <span class='ocrx_word' id='word_1_150' title='bbox 969 2309 1164 2391; x_wconf 81' lang='lat' dir='ltr'><strong>Quemquam</strong></span> <span class='ocrx_word' id='word_1_151' title='bbox 1186 2314 1291 2392; x_wconf 84' lang='lat' dir='ltr'><strong>potest</strong></span> <span class='ocrx_word' id='word_1_152' title='bbox 1313 2310 1408 2376; x_wconf 87' lang='lat' dir='ltr'><strong>etiem</strong></span> 
     </span>
     <span class='ocr_line' id='line_1_18' title="bbox 178 2415 1410 2506; baseline 0.002 -22"><span class='ocrx_word' id='word_1_153' title='bbox 178 2419 207 2484; x_wconf 91' lang='lat' dir='ltr'><strong>is</strong></span> <span class='ocrx_word' id='word_1_154' title='bbox 234 2418 288 2500; x_wconf 90' lang='lat' dir='ltr'><strong>qui</strong></span> <span class='ocrx_word' id='word_1_155' title='bbox 309 2436 354 2484; x_wconf 85' lang='lat' dir='ltr'><strong>vs</strong></span> <span class='ocrx_word' id='word_1_156' title='bbox 372 2423 412 2484; x_wconf 86' lang='lat'><strong>43</strong></span> <span class='ocrx_word' id='word_1_157' title='bbox 436 2417 483 2506; x_wconf 86' lang='lat' dir='ltr'><strong>(in</strong></span> <span class='ocrx_word' id='word_1_158' title='bbox 505 2415 547 2500; x_wconf 91' lang='lat' dir='ltr'><strong>B)</strong></span> <span class='ocrx_word' id='word_1_159' title='bbox 571 2420 720 2486; x_wconf 84' lang='lat' dir='ltr'><strong>scribitur</strong></span> <span class='ocrx_word' id='word_1_160' title='bbox 742 2417 896 2491; x_wconf 81' lang='grc' dir='ltr'><em>Σώουλος</em></span> <span class='ocrx_word' id='word_1_161' title='bbox 912 2417 1061 2506; x_wconf 79' lang='grc' dir='ltr'><em>Ὀλύμπου</em></span> <span class='ocrx_word' id='word_1_162' title='bbox 1078 2419 1262 2506; x_wconf 78' lang='grc' dir='ltr'><em>Λαμπτρεύς</em></span> <span class='ocrx_word' id='word_1_163' title='bbox 1283 2420 1410 2486; x_wconf 81' lang='lat' dir='ltr'><strong>nomine</strong></span> 
     </span>
     <span class='ocr_line' id='line_1_19' title="bbox 178 2525 1410 2620; baseline 0 -23"><span class='ocrx_word' id='word_1_164' title='bbox 178 2531 316 2613; x_wconf 82' lang='lat' dir='ltr'><strong>gessisse</strong></span> <span class='ocrx_word' id='word_1_165' title='bbox 341 2525 496 2615; x_wconf 79' lang='grc' dir='ltr'><em>Ὄλυμπος</em></span> <span class='ocrx_word' id='word_1_166' title='bbox 513 2525 662 2616; x_wconf 82' lang='grc' dir='ltr'><em>Ὀλύμπου</em></span> <span class='ocrx_word' id='word_1_167' title='bbox 693 2533 710 2595; x_wconf 81' lang='grc' dir='ltr'><em>ὁ</em></span> <span class='ocrx_word' id='word_1_168' title='bbox 734 2533 781 2596; x_wconf 79' lang='grc' dir='ltr'><strong>καὶ</strong></span> <span class='ocrx_word' id='word_1_169' title='bbox 803 2531 956 2603; x_wconf 79' lang='grc' dir='ltr'><em>Σώουλος</em></span> <span class='ocrx_word' id='word_1_170' title='bbox 977 2531 1195 2620; x_wconf 41' lang='grc' dir='ltr'><em>Αομππμεύςς,</em></span> <span class='ocrx_word' id='word_1_171' title='bbox 1213 2531 1298 2614; x_wconf 90' lang='lat' dir='ltr'><strong>quod</strong></span> <span class='ocrx_word' id='word_1_172' title='bbox 1326 2531 1410 2599; x_wconf 91' lang='lat' dir='ltr'><strong>idem</strong></span> 
     </span>
     <span class='ocr_line' id='line_1_20' title="bbox 118 2641 1263 2724; baseline 0.003 -16"><span class='ocrx_word' id='word_1_173' title='bbox 118 2670 121 2676; x_wconf 42' lang='lat'>¹</span> <span class='ocrx_word' id='word_1_174' title='bbox 178 2642 242 2708; x_wconf 87' lang='lat' dir='ltr'><strong>iem</strong></span> <span class='ocrx_word' id='word_1_175' title='bbox 260 2661 357 2724; x_wconf 86' lang='lat' dir='ltr'><strong>supro</strong></span> <span class='ocrx_word' id='word_1_176' title='bbox 378 2643 411 2708; x_wconf 95' lang='lat' dir='ltr'><strong>in</strong></span> <span class='ocrx_word' id='word_1_177' title='bbox 433 2641 600 2709; x_wconf 86' lang='lat' dir='ltr'><strong>Achoristo</strong></span> <span class='ocrx_word' id='word_1_178' title='bbox 623 2643 869 2710; x_wconf 84' lang='lat' dir='ltr'><strong>observavimus.</strong></span> <span class='ocrx_word' id='word_1_179' title='bbox 1260 2695 1263 2699; x_wconf 84' lang='lat'>-</span> 
     </span>
    </p>

    <p class='ocr_par' dir='ltr' id='par_1_5' title="bbox 175 2749 1412 4176">
     <span class='ocr_line' id='line_1_21' title="bbox 272 2749 1411 2844; baseline 0.003 -28"><span class='ocrx_word' id='word_1_180' title='bbox 272 2751 324 2817; x_wconf 87' lang='lat' dir='ltr'>Ve.</span> <span class='ocrx_word' id='word_1_181' title='bbox 349 2755 387 2817; x_wconf 88' lang='lat'><strong>17</strong></span> <span class='ocrx_word' id='word_1_182' title='bbox 414 2752 460 2840; x_wconf 89' lang='lat' dir='ltr'><strong>(in</strong></span> <span class='ocrx_word' id='word_1_183' title='bbox 482 2749 524 2840; x_wconf 84' lang='lat' dir='ltr'><strong>A)</strong></span> <span class='ocrx_word' id='word_1_184' title='bbox 551 2755 708 2838; x_wconf 78' lang='lat' dir='ltr'><strong>reperitur</strong></span> <span class='ocrx_word' id='word_1_185' title='bbox 730 2751 922 2839; x_wconf 70' lang='grc' dir='ltr'><em>Ἀγαθόπους</em></span> <span class='ocrx_word' id='word_1_186' title='bbox 939 2751 1063 2820; x_wconf 81' lang='grc' dir='ltr'><em>Ἀκτίου</em></span> <span class='ocrx_word' id='word_1_187' title='bbox 1085 2754 1262 2844; x_wconf 80' lang='grc' dir='ltr'><strong><em>Κηφισιεύς.</em></strong></span> <span class='ocrx_word' id='word_1_188' title='bbox 1311 2755 1411 2834; x_wconf 85' lang='lat' dir='ltr'><strong>Quem</strong></span> 
     </span>
     <span class='ocr_line' id='line_1_22' title="bbox 180 2861 1411 2949; baseline 0 -19"><span class='ocrx_word' id='word_1_189' title='bbox 180 2864 254 2930; x_wconf 89' lang='lat' dir='ltr'><strong>siin</strong></span> <span class='ocrx_word' id='word_1_190' title='bbox 276 2864 303 2929; x_wconf 93' lang='lat' dir='ltr'>B</span> <span class='ocrx_word' id='word_1_191' title='bbox 324 2864 516 2948; x_wconf 67' lang='lat' dir='ltr'><strong>quaerimus</strong></span> <span class='ocrx_word' id='word_1_192' title='bbox 542 2865 647 2932; x_wconf 87' lang='lat' dir='ltr'><strong>nuilus</strong></span> <span class='ocrx_word' id='word_1_193' title='bbox 662 2865 742 2932; x_wconf 84' lang='lat' dir='ltr'><strong>elius</strong></span> <span class='ocrx_word' id='word_1_194' title='bbox 766 2885 800 2932; x_wconf 92' lang='lat' dir='ltr'><strong>se</strong></span> <span class='ocrx_word' id='word_1_195' title='bbox 821 2866 1009 2949; x_wconf 73' lang='lat' dir='ltr'><strong>praebetote</strong></span> <span class='ocrx_word' id='word_1_196' title='bbox 1030 2866 1083 2948; x_wconf 89' lang='lat' dir='ltr'><strong>qui</strong></span> <span class='ocrx_word' id='word_1_197' title='bbox 1105 2861 1149 2932; x_wconf 85' lang='lat' dir='ltr'><strong>vs.</strong></span> <span class='ocrx_word' id='word_1_198' title='bbox 1166 2869 1207 2930; x_wconf 84' lang='grc'><strong>45</strong></span> <span class='ocrx_word' id='word_1_199' title='bbox 1229 2868 1411 2931; x_wconf 81' lang='lat' dir='ltr'><strong>recensetur</strong></span> 
     </span>
     <span class='ocr_line' id='line_1_23' title="bbox 175 2973 1410 3066; baseline 0 -26"><span class='ocrx_word' id='word_1_200' title='bbox 175 2973 373 3060; x_wconf 72' lang='grc' dir='ltr'><em>Ἀγοθύπους</em></span> <span class='ocrx_word' id='word_1_201' title='bbox 389 2973 532 3042; x_wconf 80' lang='grc' dir='ltr'><em>Ἀττικοῦ</em></span> <span class='ocrx_word' id='word_1_202' title='bbox 556 2977 734 3066; x_wconf 71' lang='grc' dir='ltr'><em>Κηφισιεύς.</em></span> <span class='ocrx_word' id='word_1_203' title='bbox 780 2977 861 3057; x_wconf 85' lang='lat' dir='ltr'><strong>Quin</strong></span> <span class='ocrx_word' id='word_1_204' title='bbox 887 2977 938 3044; x_wconf 86' lang='lat' dir='ltr'><strong>hic</strong></span> <span class='ocrx_word' id='word_1_205' title='bbox 966 2978 1007 3044; x_wconf 87' lang='lat' dir='ltr'><strong>ab</strong></span> <span class='ocrx_word' id='word_1_206' title='bbox 1037 2977 1090 3042; x_wconf 87' lang='lat' dir='ltr'><strong>illo</strong></span> <span class='ocrx_word' id='word_1_207' title='bbox 1118 2996 1181 3043; x_wconf 88' lang='lat' dir='ltr'><strong>non</strong></span> <span class='ocrx_word' id='word_1_208' title='bbox 1203 2976 1345 3042; x_wconf 87' lang='lat' dir='ltr'><strong>diversus</strong></span> <span class='ocrx_word' id='word_1_209' title='bbox 1368 2976 1410 3041; x_wconf 78' lang='lat' dir='ltr'><strong>sii</strong></span> 
     </span>
     <span class='ocr_line' id='line_1_24' title="bbox 178 3088 1411 3172; baseline -0.001 -18"><span class='ocrx_word' id='word_1_210' title='bbox 178 3089 231 3154; x_wconf 82' lang='lat' dir='ltr'><strong>nix</strong></span> <span class='ocrx_word' id='word_1_211' title='bbox 253 3093 301 3155; x_wconf 86' lang='lat' dir='ltr'><strong>est</strong></span> <span class='ocrx_word' id='word_1_212' title='bbox 323 3089 465 3156; x_wconf 89' lang='lat' dir='ltr'><strong>dubium.</strong></span> <span class='ocrx_word' id='word_1_213' title='bbox 510 3089 622 3172; x_wconf 85' lang='lat' dir='ltr'><strong>Itaque</strong></span> <span class='ocrx_word' id='word_1_214' title='bbox 644 3089 677 3154; x_wconf 93' lang='lat' dir='ltr'><strong>in</strong></span> <span class='ocrx_word' id='word_1_215' title='bbox 700 3090 749 3155; x_wconf 87' lang='lat' dir='ltr'><strong>tit.</strong></span> <span class='ocrx_word' id='word_1_216' title='bbox 772 3091 800 3155; x_wconf 87' lang='lat' dir='ltr'>A</span> <span class='ocrx_word' id='word_1_217' title='bbox 822 3107 918 3172; x_wconf 87' lang='lat' dir='ltr'><strong>preve</strong></span> <span class='ocrx_word' id='word_1_218' title='bbox 944 3089 984 3155; x_wconf 83' lang='lat' dir='ltr'><strong>ab</strong></span> <span class='ocrx_word' id='word_1_219' title='bbox 1013 3088 1172 3172; x_wconf 86' lang='lat' dir='ltr'><strong>sculptore</strong></span> <span class='ocrx_word' id='word_1_220' title='bbox 1200 3107 1313 3155; x_wconf 92' lang='lat' dir='ltr'><strong>nomen</strong></span> <span class='ocrx_word' id='word_1_221' title='bbox 1341 3105 1411 3153; x_wconf 88' lang='lat' dir='ltr'><strong>esse</strong></span> 
     </span>
     <span class='ocr_line' id='line_1_25' title="bbox 178 3193 1411 3284; baseline -0.003 -17"><span class='ocrx_word' id='word_1_222' title='bbox 178 3201 336 3282; x_wconf 85' lang='lat' dir='ltr'><strong>sculptum</strong></span> <span class='ocrx_word' id='word_1_223' title='bbox 358 3200 394 3266; x_wconf 90' lang='lat' dir='ltr'><strong>fit</strong></span> <span class='ocrx_word' id='word_1_224' title='bbox 414 3201 483 3267; x_wconf 82' lang='lat' dir='ltr'><strong>veri</strong></span> <span class='ocrx_word' id='word_1_225' title='bbox 505 3200 622 3281; x_wconf 88' lang='lat' dir='ltr'><strong>simile,</strong></span> <span class='ocrx_word' id='word_1_226' title='bbox 651 3201 838 3282; x_wconf 80' lang='lat' dir='ltr'><strong>praesertim</strong></span> <span class='ocrx_word' id='word_1_227' title='bbox 860 3219 931 3267; x_wconf 89' lang='lat' dir='ltr'><strong>eum</strong></span> <span class='ocrx_word' id='word_1_228' title='bbox 953 3193 1082 3270; x_wconf 79' lang='grc' dir='ltr'><em>’Ἃκτιος</em></span> <span class='ocrx_word' id='word_1_229' title='bbox 1108 3218 1220 3268; x_wconf 93' lang='lat' dir='ltr'><strong>nomen</strong></span> <span class='ocrx_word' id='word_1_230' title='bbox 1249 3199 1411 3284; x_wconf 89' lang='lat' dir='ltr'><strong>proprium</strong></span> 
     </span>
     <span class='ocr_line' id='line_1_26' title="bbox 177 3311 1412 3394; baseline -0.003 -15"><span class='ocrx_word' id='word_1_231' title='bbox 177 3314 297 3380; x_wconf 91' lang='lat' dir='ltr'><strong>homini</strong></span> <span class='ocrx_word' id='word_1_232' title='bbox 319 3314 510 3381; x_wconf 85' lang='lat' dir='ltr'><strong>attributum</strong></span> <span class='ocrx_word' id='word_1_233' title='bbox 531 3331 686 3394; x_wconf 87' lang='lat' dir='ltr'><strong>nusquam</strong></span> <span class='ocrx_word' id='word_1_234' title='bbox 709 3313 811 3380; x_wconf 83' lang='lat' dir='ltr'><strong>adhue</strong></span> <span class='ocrx_word' id='word_1_235' title='bbox 834 3313 876 3378; x_wconf 88' lang='lat' dir='ltr'><strong>sit</strong></span> <span class='ocrx_word' id='word_1_236' title='bbox 897 3313 1068 3380; x_wconf 87' lang='lat' dir='ltr'><strong>inventum.</strong></span> <span class='ocrx_word' id='word_1_237' title='bbox 1110 3313 1306 3393; x_wconf 83' lang='lat' dir='ltr'><strong>Quemquam</strong></span> <span class='ocrx_word' id='word_1_238' title='bbox 1329 3311 1412 3378; x_wconf 92' lang='lat' dir='ltr'><strong>enim</strong></span> 
     </span>
     <span class='ocr_line' id='line_1_27' title="bbox 178 3417 1410 3508; baseline -0.002 -18"><span class='ocrx_word' id='word_1_239' title='bbox 178 3425 211 3491; x_wconf 97' lang='lat' dir='ltr'><strong>in</strong></span> <span class='ocrx_word' id='word_1_240' title='bbox 225 3425 323 3508; x_wconf 89' lang='lat' dir='ltr'><strong>Pepei</strong></span> <span class='ocrx_word' id='word_1_241' title='bbox 345 3425 557 3491; x_wconf 84' lang='lat' dir='ltr'><strong>onomastieo¹</strong></span> <span class='ocrx_word' id='word_1_242' title='bbox 584 3443 654 3508; x_wconf 83' lang='lat' dir='ltr'><strong>pag.</strong></span> <span class='ocrx_word' id='word_1_243' title='bbox 673 3428 713 3489; x_wconf 87' lang='lat'><strong>50</strong></span> <span class='ocrx_word' id='word_1_244' title='bbox 736 3425 794 3490; x_wconf 90' lang='lat' dir='ltr'><strong>sub</strong></span> <span class='ocrx_word' id='word_1_245' title='bbox 822 3444 851 3491; x_wconf 81' lang='lat' dir='ltr'><strong>v.</strong></span> <span class='ocrx_word' id='word_1_246' title='bbox 875 3417 993 3494; x_wconf 71' lang='grc' dir='ltr'><em>Ἄππιος</em></span> <span class='ocrx_word' id='word_1_247' title='bbox 1019 3424 1150 3506; x_wconf 85' lang='lat' dir='ltr'><strong>legitur:</strong></span> <span class='ocrx_word' id='word_1_248' title='bbox 1177 3423 1410 3498; x_wconf 76' lang='lat' dir='ltr'><strong>»Mannsnome</strong></span> 
     </span>
     <span class='ocr_line' id='line_1_28' title="bbox 178 3533 1409 3616; baseline -0.002 -14"><span class='ocrx_word' id='word_1_249' title='bbox 178 3535 314 3602; x_wconf 87' lang='lat' dir='ltr'><strong>attische</strong></span> <span class='ocrx_word' id='word_1_250' title='bbox 337 3533 525 3602; x_wconf 87' lang='lat' dir='ltr'><strong>Insohriiten</strong></span> <span class='ocrx_word' id='word_1_251' title='bbox 547 3536 589 3600; x_wconf 91' lang='lat' dir='ltr'><strong>im</strong></span> <span class='ocrx_word' id='word_1_252' title='bbox 611 3535 761 3601; x_wconf 82' lang='lat' dir='ltr'><strong>Philistor</strong></span> <span class='ocrx_word' id='word_1_253' title='bbox 783 3534 1049 3616; x_wconf 55' lang='lat' dir='ltr'><strong>Ktumenudesm,</strong></span> <span class='ocrx_word' id='word_1_254' title='bbox 1072 3537 1177 3600; x_wconf 87' lang='lat' dir='ltr'><strong>temen</strong></span> <span class='ocrx_word' id='word_1_255' title='bbox 1200 3553 1238 3600; x_wconf 87' lang='lat' dir='ltr'>ex</span> <span class='ocrx_word' id='word_1_256' title='bbox 1259 3533 1319 3600; x_wconf 89' lang='lat' dir='ltr'><strong>hoo</strong></span> <span class='ocrx_word' id='word_1_257' title='bbox 1341 3533 1409 3616; x_wconf 91' lang='lat' dir='ltr'><strong>ipso</strong></span> 
     </span>
     <span class='ocr_line' id='line_1_29' title="bbox 178 3629 1410 3729; baseline -0.001 -17"><span class='ocrx_word' id='word_1_258' title='bbox 178 3647 271 3713; x_wconf 89' lang='lat' dir='ltr'><strong>titulo</strong></span> <span class='ocrx_word' id='word_1_259' title='bbox 301 3647 341 3713; x_wconf 92' lang='lat' dir='ltr'>de</span> <span class='ocrx_word' id='word_1_260' title='bbox 370 3664 432 3729; x_wconf 89' lang='lat' dir='ltr'><strong>quo</strong></span> <span class='ocrx_word' id='word_1_261' title='bbox 460 3646 565 3728; x_wconf 84' lang='lat' dir='ltr'><strong>agitur</strong></span> <span class='ocrx_word' id='word_1_262' title='bbox 592 3645 670 3711; x_wconf 90' lang='lat' dir='ltr'><strong>illud</strong></span> <span class='ocrx_word' id='word_1_263' title='bbox 698 3664 811 3712; x_wconf 90' lang='lat' dir='ltr'><strong>nomen</strong></span> <span class='ocrx_word' id='word_1_264' title='bbox 840 3649 1000 3728; x_wconf 91' lang='lat' dir='ltr'><strong>sumptum</strong></span> <span class='ocrx_word' id='word_1_265' title='bbox 1030 3659 1099 3711; x_wconf 89' lang='lat' dir='ltr'><strong>esse</strong></span> <span class='ocrx_word' id='word_1_266' title='bbox 1128 3629 1291 3711; x_wconf 84' lang='lat' dir='ltr'><strong>contendo.</strong></span> <span class='ocrx_word' id='word_1_267' title='bbox 1336 3644 1410 3726; x_wconf 87' lang='lat' dir='ltr'><strong>Ipse</strong></span> 
     </span>
     <span class='ocr_line' id='line_1_30' title="bbox 179 3756 1409 3840; baseline -0.003 -15"><span class='ocrx_word' id='word_1_268' title='bbox 179 3758 316 3825; x_wconf 90' lang='lat' dir='ltr'><strong>enimin</strong></span> <span class='ocrx_word' id='word_1_269' title='bbox 338 3757 462 3824; x_wconf 87' lang='lat' dir='ltr'><strong>schedis</strong></span> <span class='ocrx_word' id='word_1_270' title='bbox 484 3757 562 3824; x_wconf 88' lang='lat' dir='ltr'><strong>meis</strong></span> <span class='ocrx_word' id='word_1_271' title='bbox 591 3757 720 3824; x_wconf 81' lang='lat' dir='ltr'><strong>collecta</strong></span> <span class='ocrx_word' id='word_1_272' title='bbox 749 3756 850 3824; x_wconf 86' lang='lat' dir='ltr'>habeo</span> <span class='ocrx_word' id='word_1_273' title='bbox 880 3761 993 3823; x_wconf 84' lang='lat' dir='ltr'><strong>cuncte</strong></span> <span class='ocrx_word' id='word_1_274' title='bbox 1022 3756 1150 3840; x_wconf 87' lang='lat' dir='ltr'><strong>proprie</strong></span> <span class='ocrx_word' id='word_1_275' title='bbox 1178 3756 1305 3821; x_wconf 85' lang='lat' dir='ltr'><strong>nomine</strong></span> <span class='ocrx_word' id='word_1_276' title='bbox 1327 3774 1409 3838; x_wconf 87' lang='lat' dir='ltr'>qnae</span> 
     </span>
     <span class='ocr_line' id='line_1_31' title="bbox 177 3869 1409 3952; baseline -0.003 -16"><span class='ocrx_word' id='word_1_277' title='bbox 177 3871 212 3936; x_wconf 94' lang='lat' dir='ltr'><strong>in</strong></span> <span class='ocrx_word' id='word_1_278' title='bbox 232 3869 410 3936; x_wconf 87' lang='lat' dir='ltr'><strong>Philistoris</strong></span> <span class='ocrx_word' id='word_1_279' title='bbox 432 3869 533 3935; x_wconf 89' lang='lat' dir='ltr'><strong>titulis</strong></span> <span class='ocrx_word' id='word_1_280' title='bbox 555 3869 773 3952; x_wconf 81' lang='lat' dir='ltr'><strong>inveniuntur3</strong></span> <span class='ocrx_word' id='word_1_281' title='bbox 796 3869 853 3935; x_wconf 86' lang='lat' dir='ltr'><strong>sed</strong></span> <span class='ocrx_word' id='word_1_282' title='bbox 874 3871 982 3935; x_wconf 89' lang='lat' dir='ltr'><strong>nostro</strong></span> <span class='ocrx_word' id='word_1_283' title='bbox 998 3869 1090 3935; x_wconf 87' lang='lat' dir='ltr'><strong>titulo</strong></span> <span class='ocrx_word' id='word_1_284' title='bbox 1114 3869 1169 3946; x_wconf 83' lang='grc' dir='ltr'><strong>(Α)</strong></span> <span class='ocrx_word' id='word_1_285' title='bbox 1194 3871 1323 3951; x_wconf 85' lang='lat' dir='ltr'><strong>excepto</strong></span> <span class='ocrx_word' id='word_1_286' title='bbox 1346 3885 1409 3933; x_wconf 95' lang='lat' dir='ltr'><strong>non</strong></span> 
     </span>
     <span class='ocr_line' id='line_1_32' title="bbox 177 3975 1410 4062; baseline -0.002 -16"><span class='ocrx_word' id='word_1_287' title='bbox 177 3981 302 4048; x_wconf 82' lang='lat' dir='ltr'><strong>invenio</strong></span> <span class='ocrx_word' id='word_1_288' title='bbox 331 3999 444 4047; x_wconf 93' lang='lat' dir='ltr'><strong>nomen</strong></span> <span class='ocrx_word' id='word_1_289' title='bbox 469 3975 608 4050; x_wconf 69' lang='grc' dir='ltr'><em>Ἄππιος.</em></span> <span class='ocrx_word' id='word_1_290' title='bbox 658 3979 855 4046; x_wconf 88' lang='lat' dir='ltr'><strong>Eiiciendnm</strong></span> <span class='ocrx_word' id='word_1_291' title='bbox 885 3998 960 4062; x_wconf 86' lang='lat' dir='ltr'><strong>ergo</strong></span> <span class='ocrx_word' id='word_1_292' title='bbox 990 3979 1067 4046; x_wconf 90' lang='lat' dir='ltr'><strong>illud</strong></span> <span class='ocrx_word' id='word_1_293' title='bbox 1100 3997 1213 4046; x_wconf 94' lang='lat' dir='ltr'><strong>nomen</strong></span> <span class='ocrx_word' id='word_1_294' title='bbox 1246 3997 1283 4045; x_wconf 84' lang='lat' dir='ltr'>ex</span> <span class='ocrx_word' id='word_1_295' title='bbox 1305 3979 1410 4062; x_wconf 57' lang='lat' dir='ltr'><strong>⁴Pepei</strong></span> 
     </span>
     <span class='ocr_line' id='line_1_33' title="bbox 177 4092 817 4176; baseline -0.002 -18"><span class='ocrx_word' id='word_1_296' title='bbox 177 4093 292 4176; x_wconf 81' lang='lat' dir='ltr'><strong>leni003</strong></span> <span class='ocrx_word' id='word_1_297' title='bbox 315 4093 428 4159; x_wconf 90' lang='lat' dir='ltr'><strong>nititur</strong></span> <span class='ocrx_word' id='word_1_298' title='bbox 450 4093 533 4159; x_wconf 91' lang='lat' dir='ltr'><strong>enim</strong></span> <span class='ocrx_word' id='word_1_299' title='bbox 554 4112 653 4176; x_wconf 85' lang='lat' dir='ltr'><strong>preve</strong></span> <span class='ocrx_word' id='word_1_300' title='bbox 674 4092 817 4159; x_wconf 86' lang='lat' dir='ltr'><strong>lectione.</strong></span> 
     </span>
    </p>

    <p class='ocr_par' dir='ltr' id='par_1_6' title="bbox 179 4200 1413 4516">
     <span class='ocr_line' id='line_1_34' title="bbox 271 4200 1413 4289; baseline -0.004 -21"><span class='ocrx_word' id='word_1_301' title='bbox 271 4203 323 4268; x_wconf 77' lang='lat' dir='ltr'><strong>Vs.</strong></span> <span class='ocrx_word' id='word_1_302' title='bbox 354 4206 393 4270; x_wconf 89' lang='lat'><strong>15</strong></span> <span class='ocrx_word' id='word_1_303' title='bbox 438 4205 489 4282; x_wconf 84' lang='lat' dir='ltr'><strong>(A.</strong></span> <span class='ocrx_word' id='word_1_304' title='bbox 519 4207 706 4288; x_wconf 85' lang='lat' dir='ltr'><strong>systremma</strong></span> <span class='ocrx_word' id='word_1_305' title='bbox 728 4203 774 4283; x_wconf 89' lang='grc' dir='ltr'><strong>ΙΙ)</strong></span> <span class='ocrx_word' id='word_1_306' title='bbox 803 4210 985 4272; x_wconf 87' lang='lat' dir='ltr'><strong>recensetur</strong></span> <span class='ocrx_word' id='word_1_307' title='bbox 1014 4204 1174 4274; x_wconf 76' lang='grc' dir='ltr'><em>Μοσπικὸς</em></span> <span class='ocrx_word' id='word_1_308' title='bbox 1200 4200 1347 4289; x_wconf 73' lang='grc' dir='ltr'><em>Σατύρου</em></span> <span class='ocrx_word' id='word_1_309' title='bbox 1378 4200 1413 4264; x_wconf 80' lang='grc' dir='ltr'><strong>ἐκ</strong></span> 
     </span>
     <span class='ocr_line' id='line_1_35' title="bbox 179 4311 1412 4406; baseline -0.003 -27"><span class='ocrx_word' id='word_1_310' title='bbox 179 4316 325 4403; x_wconf 79' lang='grc' dir='ltr'><em>ΜοῤῥΓ.</em></span> <span class='ocrx_word' id='word_1_311' title='bbox 370 4317 457 4382; x_wconf 91' lang='lat' dir='ltr'>Idem</span> <span class='ocrx_word' id='word_1_312' title='bbox 486 4317 519 4382; x_wconf 92' lang='lat' dir='ltr'><strong>in</strong></span> <span class='ocrx_word' id='word_1_313' title='bbox 541 4315 650 4406; x_wconf 83' lang='lat' dir='ltr'><strong>B&#39;(vs.</strong></span> <span class='ocrx_word' id='word_1_314' title='bbox 668 4312 722 4401; x_wconf 88' lang='grc'><strong>60)</strong></span> <span class='ocrx_word' id='word_1_315' title='bbox 746 4315 934 4382; x_wconf 89' lang='lat' dir='ltr'><strong>demotieum</strong></span> <span class='ocrx_word' id='word_1_316' title='bbox 956 4317 1039 4400; x_wconf 86' lang='lat' dir='ltr'><strong>gerit</strong></span> <span class='ocrx_word' id='word_1_317' title='bbox 1061 4313 1163 4402; x_wconf 64' lang='lat' dir='ltr'><strong>Pap*</strong></span> <span class='ocrx_word' id='word_1_318' title='bbox 1184 4315 1204 4380; x_wconf 89' lang='lat' dir='ltr'><strong>i.</strong></span> <span class='ocrx_word' id='word_1_319' title='bbox 1227 4333 1254 4381; x_wconf 86' lang='lat' dir='ltr'>e.</span> <span class='ocrx_word' id='word_1_320' title='bbox 1271 4311 1412 4400; x_wconf 65' lang='grc' dir='ltr'><em>Γαργήτ-</em></span> 
     </span>
     <span class='ocr_line' id='line_1_36' title="bbox 179 4423 1411 4516; baseline -0.002 -26"><span class='ocrx_word' id='word_1_321' title='bbox 179 4451 252 4498; x_wconf 80' lang='grc' dir='ltr'><em>τιος.</em></span> <span class='ocrx_word' id='word_1_322' title='bbox 297 4427 388 4507; x_wconf 80' lang='lat' dir='ltr'><strong>Quod</strong></span> <span class='ocrx_word' id='word_1_323' title='bbox 412 4427 504 4494; x_wconf 83' lang='lat' dir='ltr'><strong>aliter</strong></span> <span class='ocrx_word' id='word_1_324' title='bbox 525 4427 577 4494; x_wconf 86' lang='lat' dir='ltr'><strong>vix</strong></span> <span class='ocrx_word' id='word_1_325' title='bbox 592 4425 757 4510; x_wconf 84' lang='lat' dir='ltr'><strong>expeditur</strong></span> <span class='ocrx_word' id='word_1_326' title='bbox 771 4445 807 4494; x_wconf 87' lang='lat' dir='ltr'>ae</span> <span class='ocrx_word' id='word_1_327' title='bbox 822 4426 850 4492; x_wconf 87' lang='lat' dir='ltr'><strong>si</strong></span> <span class='ocrx_word' id='word_1_328' title='bbox 871 4426 1066 4516; x_wconf 81' lang='lat' dir='ltr'><strong>quadratorii</strong></span> <span class='ocrx_word' id='word_1_329' title='bbox 1081 4445 1219 4495; x_wconf 88' lang='lat' dir='ltr'><strong>errorem</strong></span> <span class='ocrx_word' id='word_1_330' title='bbox 1233 4423 1284 4492; x_wconf 89' lang='lat' dir='ltr'>vel</span> <span class='ocrx_word' id='word_1_331' title='bbox 1299 4424 1411 4491; x_wconf 89' lang='lat' dir='ltr'><strong>vitium</strong></span> 
     </span>
    </p>
   </div>
   <div class='ocr_carea' id='block_1_3' title="bbox 251 4587 1092 4760">
    <p class='ocr_par' dir='ltr' id='par_1_7' title="bbox 251 4587 1092 4760">
     <span class='ocr_line' id='line_1_37' title="bbox 251 4587 1092 4668; baseline -0.005 -14"><span class='ocrx_word' id='word_1_332' title='bbox 251 4601 260 4632; x_wconf 82' lang='lat'><strong>¹</strong></span> <span class='ocrx_word' id='word_1_333' title='bbox 281 4598 463 4664; x_wconf 76' lang='lat' dir='ltr'><strong>„Worterbuoh</strong></span> <span class='ocrx_word' id='word_1_334' title='bbox 481 4598 526 4650; x_wconf 86' lang='lat' dir='ltr'><strong>der</strong></span> <span class='ocrx_word' id='word_1_335' title='bbox 542 4587 638 4666; x_wconf 80' lang='lat' dir='ltr'><strong>grieeh.</strong></span> <span class='ocrx_word' id='word_1_336' title='bbox 657 4597 856 4668; x_wconf 76' lang='lat' dir='ltr'><strong>Bigennomen“,</strong></span> <span class='ocrx_word' id='word_1_337' title='bbox 874 4597 935 4654; x_wconf 85' lang='lat' dir='ltr'><strong>edit.</strong></span> <span class='ocrx_word' id='word_1_338' title='bbox 952 4599 999 4668; x_wconf 84' lang='grc' dir='ltr'><strong>ΠΙ,</strong></span> <span class='ocrx_word' id='word_1_339' title='bbox 1019 4597 1092 4658; x_wconf 80' lang='lat' dir='ltr'><strong>isse.</strong></span> 
     </span>
     <span class='ocr_line' id='line_1_38' title="bbox 251 4681 646 4760; baseline -0.005 -21"><span class='ocrx_word' id='word_1_340' title='bbox 251 4685 262 4716; x_wconf 81' lang='lat'>²</span> <span class='ocrx_word' id='word_1_341' title='bbox 279 4684 404 4760; x_wconf 82' lang='lat' dir='ltr'><strong>Conpleee</strong></span> <span class='ocrx_word' id='word_1_342' title='bbox 425 4681 579 4745; x_wconf 79' lang='grc' dir='ltr'><strong>οΛ[ΥΜ]Π</strong></span> <span class='ocrx_word' id='word_1_343' title='bbox 589 4688 646 4744; x_wconf 88' lang='grc' dir='ltr'><strong>ΟΥ,</strong></span> 
     </span>
    </p>
   </div>
   <div class='ocr_carea' id='block_1_4' title="bbox 0 0 1722 5326">
    <p class='ocr_par' dir='ltr' id='par_1_8' title="bbox 0 0 1722 5326">
     <span class='ocr_line' id='line_1_39' title="bbox 0 0 1722 5326; baseline 0 0"><span class='ocrx_word' id='word_1_344' title='bbox 0 0 1722 5326; x_wconf 95' lang='lat' dir='ltr'><strong> </strong></span> 
     </span>
    </p>
   </div>
  </div>
 </body>
</html>
