3436 5326
655 417 889 482 -ue-

155 601 287 670 tandem
308 601 358 668 vel
379 599 482 668 dimin
503 601 594 668 cuius
615 599 816 684 imperatoris
841 599 874 666 in
901 599 1052 668 bonorem
1079 599 1283 668 institutum?
1308 599 1387 666 talia

156 713 243 782 enim
269 712 423 780 festorum
452 715 579 780 nomina
606 711 675 780 sola
702 713 957 795 exculpebantur.
1009 713 1058 778 Ex
1085 713 1235 796 temporis
1263 713 1297 778 in
1323 729 1387 794 quo

156 845 323 894 versamur
343 827 466 893 ratium
486 825 609 892 nullum
630 825 745 892 lectum
767 825 829 891 huc
851 826 937 892 cadit
963 831 1090 908 praeter
1110 823 1300 910 Ιιομμόδειο.
1344 825 1386 892 ht

155 937 217 1005 hoc
238 943 350 1022 postca
372 939 508 1014 demum,
530 956 621 1004 eraso
641 938 743 1004 altero
764 937 899 1018 nomine,
920 943 971 1004 est
986 937 1153 1021 sculptum.
1190 937 1387 1020 Quamquam

160 1049 216 1133 qui
236 1055 343 1132 potest
363 1067 416 1116 res
437 1049 594 1132 intellegi,
623 1048 651 1112 si
681 1067 792 1114 revera
817 1048 898 1114 alius
925 1047 998 1114 leati
1024 1067 1137 1116 nomen
1165 1047 1209 1114 ibi
1235 1049 1388 1132 scriptum

160 1159 275 1230 fuisset
303 1161 416 1245 prius?
447 1160 504 1228 Ille
531 1161 612 1228 enim
629 1155 833 1246 Ἀλέξανδρος
849 1155 1052 1245 Ἀλεξάνδρου
1080 1157 1306 1245 Μαραθώνιος,
1333 1159 1389 1240 qui

157 1273 203 1338 ibi
231 1272 290 1354 (ιε
312 1275 366 1354 60)
394 1273 587 1356 agonotheta
613 1277 810 1348 recensetur,
837 1277 894 1338 aut
920 1271 999 1337 certi
1025 1271 1188 1338 cuiusdam
1214 1269 1287 1336 lasti
1313 1286 1387 1352 age

158 1385 290 1452 notbeta
312 1383 373 1450 fuit
394 1391 535 1451 autnon
556 1385 624 1452 luit
668 1386 765 1466 Aqui
787 1383 1047 1452 Commodeorum
1074 1383 1264 1466 agonotheta
1290 1381 1388 1448 fuisso

162 1496 208 1564 ibi
229 1497 361 1563 dicitur:
388 1497 520 1581 proinde
541 1497 635 1564 huius
656 1495 729 1564 iusti
755 1495 817 1563 luit
845 1497 1052 1581 agonotheta,
1080 1513 1142 1562 non
1172 1494 1253 1559 alius
1282 1491 1388 1560 nescio

163 1608 262 1674 cnius.
307 1607 528 1690 arnulpum
552 1605 852 1694 »Κομμοδείωνι
882 1607 915 1672 in
942 1609 1027 1686 loco,
1052 1608 1086 1672 in
1112 1625 1174 1690 quo
1200 1607 1288 1690 prius
1315 1603 1389 1672 testi

164 1720 329 1786 cuiusdam
350 1739 463 1786 nornen
485 1739 619 1788 erasum
657 1721 749 1789 Sane.
785 1721 969 1789 Necessario
992 1719 1126 1788 efficitur
1146 1719 1243 1785 luisse
1264 1723 1297 1785 et
1311 1717 1388 1784 illud

164 1850 290 1898 erasum
314 1849 427 1899 nomen
451 1831 710 1916 »deponebatur«,
740 1833 824 1916 quod
845 1839 956 1916 postea
983 1833 1085 1900 denuo
1114 1837 1164 1900 est
1189 1831 1388 1914 insculptum.

163 1941 357 2026 Exculptum
378 1950 484 2010 autern
507 1951 556 2011 est
575 1945 635 2011 boc
656 1944 725 2012 loco
747 1945 805 2027 (vs.
823 1945 876 2028 60)
896 1943 1027 2011 eandem
1042 1944 1083 2012 ob
1098 1962 1224 2011 causam
1239 1943 1279 2010 ob
1294 1960 1389 2026 quam

164 2073 210 2120 ιε.
237 2059 265 2120 1.
296 2059 315 2119 2
350 2055 489 2121 eiusdem
520 2055 720 2140 imperatoria
752 2074 866 2122 nornen
899 2061 949 2122 est
980 2075 1019 2122 er
1051 2054 1207 2122 industria
1240 2055 1388 2120 deletum.

162 2166 359 2248 Quamquam
380 2186 427 2232 ιε.
445 2169 475 2231 1.
498 2172 517 2231 2
538 2186 602 2233 non
628 2167 731 2234 denuo
761 2167 920 2249 sculptum
946 2173 995 2233 est
1022 2185 1149 2242 nomem
1178 2185 1235 2232 cur
1262 2166 1390 2232 tandem

164 2296 209 2344 vs.
227 2278 293 2344 6οι
330 2279 400 2346 Hoc
420 2279 522 2361 ipsum
545 2280 699 2363 estquod
721 2279 877 2345 voluimus
899 2280 1122 2345 demonstrare.
1167 2277 1201 2344 Si
1226 2283 1313 2344 metu
1334 2296 1389 2342 no·

165 2407 240 2456 men
261 2389 339 2455 illnd
361 2389 464 2457 denno
486 2389 676 2473 insculptum
697 2396 782 2458 esset
803 2410 849 2457 ιε.
866 2395 917 2472 60,
939 2396 1025 2458 certo
1046 2397 1121 2458 ante
1142 2390 1247 2456 omnia
1267 2389 1301 2454 in
1321 2390 1390 2474 ipso

164 2502 360 2585 praescripto
383 2505 440 2584 (ιε.
459 2508 487 2568 l.
512 2503 544 2586 2)
566 2522 679 2568 nornen
701 2503 831 2570 rescribi
853 2503 996 2569 debebat.
1042 2501 1105 2569 Sed
1133 2524 1177 2566 oa.
1200 2503 1245 2568 60
1273 2507 1310 2568 ut
1337 2521 1391 2568 no-

165 2629 238 2678 men
262 2611 505 2698 ›Koppodetov‹
530 2615 632 2681 denuo
655 2613 851 2698 sculperetur
872 2613 990 2680 nullius
1011 2618 1137 2698 poterat
1157 2614 1308 2680 interesse
1330 2613 1392 2680 nisi

165 2723 234 2790 eius
276 2725 330 2806 qui
367 2723 606 2810 »Κομμοὸείωνι
640 2723 843 2814 ἀγωνοθέτης
872 2726 918 2793 ibi
950 2727 1150 2808 praedicatur
1179 2720 1394 2811 (Ἀλέξανδρος

163 2833 363 2920 Αλεξάνδρου
378 2833 602 2921 Μαραθώνιος,
616 2837 672 2920 qui
695 2842 744 2903 est
764 2836 857 2919 filius,
878 2843 916 2902 ut
933 2837 1067 2914 ridetur,
1089 2842 1245 2903 cosmetae
1260 2837 1392 2902 Alexan·

165 2945 214 3010 dri
244 2945 457 3028 Marathonii).
501 2947 534 3013 Ιε
561 2947 707 3013 nimirum
735 2967 829 3030 aegre
857 2947 961 3014 ierens
990 2947 1074 3032 quod
1107 2947 1210 3014 deleto
1238 2945 1311 3014 iesti
1339 2964 1392 3012 no·

163 3056 247 3136 mine
267 3059 388 3138 posteri
409 3059 537 3141 ephebi,
566 3060 693 3124 titulum
715 3059 748 3124 in
769 3059 931 3144 gymnasio
953 3061 1090 3141 positum
1110 3059 1238 3140 lecturi,
1269 3057 1392 3140 ignora-

166 3168 231 3232 turi
253 3174 359 3234 essent
380 3171 468 3236 cuius
489 3171 562 3236 festi
584 3171 651 3254 ipse
673 3168 785 3237 luisset
807 3171 1006 3254 agonotheta,
1028 3171 1111 3236 mala
1126 3171 1295 3238 ambitione
1310 3189 1392 3237 com·

165 3284 270 3345 motus
294 3281 396 3346 denuo
419 3281 622 3363 sculpendum
645 3284 768 3356 curauit
789 3281 866 3347 illud
891 3281 1145 3368 »ll'oppoder‘oo«,
1168 3283 1252 3364 quod
1282 3301 1319 3348 eo
1348 3281 1393 3347 lu·

165 3389 255 3456 cilius
277 3389 427 3474 perficere
449 3392 605 3475 potuerit,
627 3394 702 3476 quia
723 3393 822 3473 ipsius
846 3399 1002 3460 cosmetae
1024 3391 1106 3458 filius
1129 3399 1207 3459 erat.
1252 3393 1343 3472 Quod
1365 3393 1394 3458 si

165 3520 276 3568 rerum
297 3508 355 3583 est,
378 3501 511 3568 efficitur
532 3501 620 3567 illum
633 3502 852 3584 Alexandrum,
875 3509 912 3568 ut
933 3509 1040 3586 posset
1061 3503 1137 3568 illud
1160 3501 1394 3570 rescribendum

169 3631 289 3692 curare,
312 3612 482 3678 etiamtunc
504 3615 536 3678 iu
555 3613 724 3696 Diogeneio
747 3613 919 3696 gymnasio,
941 3613 974 3677 in
996 3631 1058 3696 quo
1081 3614 1166 3678 tituli
1186 3615 1393 3696 ponebantur,

165 3728 327 3790 versatum
350 3742 419 3791 esse
441 3725 523 3790 inter
544 3725 690 3806 ephebos.
734 3725 827 3791 Unde
853 3725 1012 3807 colligitur
1040 3731 1072 3790 et
1099 3743 1136 3791 co
1163 3731 1305 3806 tempore
1331 3741 1394 3807 quo

164 3834 278 3901 titulus
305 3836 481 3919 ponebatur
511 3836 695 3919 ephebicum
723 3855 839 3901 annum
868 3836 1006 3902 nondum
1039 3841 1201 3916 peractum
1232 3835 1330 3902 luisse
1363 3840 1396 3904 et

166 3948 304 4014 medium
337 3947 369 4012 in
403 3947 553 4030 ephebiae
586 3965 703 4013 annum
735 3948 881 4014 incidisse
911 3947 1071 4015 Commodi
1104 3955 1245 4015 mortem.
1297 3947 1396 4014 Periit

168 4065 274 4125 autem
297 4056 485 4126 commodus
510 4059 589 4141 prid.
614 4057 741 4125 Calend.
765 4059 890 4125 Ianuar.
920 4078 947 4124 a.
972 4063 1046 4126 192:
1075 4060 1158 4140 quod
1186 4059 1235 4126 vel
1262 4059 1397 4126 maxime

167 4170 314 4252 congruit
335 4189 407 4236 cunr
428 4171 474 4236 eis
496 4189 577 4252 quae
599 4169 744 4236 diximus.
789 4171 900 4252 ltaque
921 4170 1010 4236 initio
1032 4171 1172 4252 ephebici
1194 4169 1292 4250 anni,¹
1320 4171 1396 4237 Boe·

238 4380 248 4410 ¹
273 4377 371 4431 Dixerit
393 4377 519 4444 quispiam
543 4375 613 4427 initio
637 4376 759 4443 ephebiae
783 4376 843 4426 unni
866 4374 977 4427 nondum
1000 4375 1113 4442 potuisse
1137 4375 1262 4427 celebrata
1284 4391 1340 4428 erae
1365 4375 1397 4428 ab

170 4467 277 4535 ephebia
295 4465 471 4525 Germanicae,
489 4463 617 4514 Antincda
634 4461 759 4530 duplicia,
777 4461 912 4528 Epiaieea,
930 4460 1098 4524 Commodes,
1116 4458 1180 4530 περὶ
1197 4458 1280 4528 ἀλκῆς
1297 4459 1398 4528 ἀγῶνα,

170 4569 236 4620 quae
254 4551 338 4603 omnia
354 4551 381 4602 in
398 4549 436 4602 tit.
460 4547 505 4599 illo
527 4555 711 4599 recenseantur.
747 4546 814 4599 Sane
838 4548 948 4615 quidem.
986 4547 1072 4610 Quid?
1096 4548 1131 4600 ita
1153 4565 1205 4600 rem
1229 4565 1257 4600 ae
1279 4547 1399 4599 habuisse

170 4654 257 4690 nonne
274 4637 334 4689 licet
351 4636 468 4704 cogitare,
486 4642 515 4686 ut
531 4634 551 4684 ii
568 4635 612 4700 qui
629 4635 855 4703 gymnasiarchiam
873 4642 939 4688 carto
957 4634 1066 4701 quodam
1083 4651 1171 4688 menae
1188 4633 1229 4688 vel
1246 4649 1291 4700 per
1305 4641 1399 4690 certum
