3418 5340
807 431 850 447 .-
892 397 1020 463 24--

303 588 451 657 dooemur
472 585 596 654 Aelium
618 582 731 652 Galata
753 582 909 667 quendam
930 581 1028 652 fuisse
1050 583 1232 654 anebontem
1254 603 1452 672 anonymum.
1487 588 1525 654 In

302 697 476 766 honorariis
509 701 541 764 at
568 695 792 780 sepulcralibus
814 695 915 762 titulis
937 697 1064 780 saepius
1098 697 1235 765 occurrit
1267 702 1305 766 ut
1337 699 1408 781 quia
1441 697 1525 767 filius

303 810 371 878 eius
392 809 526 877 bominis
554 811 695 891 vocetur,
729 807 784 890 qui
816 807 984 892 aliquando
1018 809 1177 877 archontis
1209 813 1267 877 aut
1297 810 1384 878 aliud
1411 831 1525 880 munus

302 919 576 1001 administraverit,
596 923 628 986 et
640 918 672 984 in
687 917 725 984 iis
736 918 838 985 titulis
850 919 923 985 talis
934 921 1126 1002 praedicatio
1138 925 1213 1005 apta
1222 925 1279 989 est.
1307 921 1525 990 Nimisautem

302 1051 383 1100 vana
415 1037 447 1098 et
480 1047 609 1115 prorsus
641 1028 809 1112 singularis
841 1030 1003 1098 videretur
1033 1033 1217 1114 ostentatio,
1252 1035 1335 1117 quod
1368 1034 1401 1100 in
1433 1035 1525 1118 ephe-

232 1159 233 1163 ’
302 1145 413 1213 borum
435 1143 577 1226 catalogo
599 1160 681 1208 unus
700 1161 738 1209 ex
760 1142 889 1225 ephebis
911 1143 943 1209 in
965 1144 1051 1210 tituli
1073 1145 1266 1228 praescripto
1295 1163 1330 1212 se
1362 1145 1526 1229 praedicat

300 1255 398 1322 filium
421 1256 487 1322 eius
509 1255 564 1339 qui
585 1255 703 1322 archon
735 1252 847 1332 buerit,
880 1255 908 1321 si
940 1255 1007 1322 eius
1039 1260 1131 1338 pater
1163 1256 1306 1339 pluribus
1338 1257 1402 1322 iam
1433 1257 1525 1324 annis

300 1373 374 1435 ante
395 1367 427 1434 id
448 1385 562 1433 munus
585 1365 844 1433 administrasset.
883 1365 1001 1433 Contra
1023 1367 1127 1434 minus
1149 1386 1201 1436 res
1224 1367 1362 1450 offendit,
1385 1367 1412 1434 si
1433 1371 1525 1452 pater

301 1481 385 1548 illius
407 1479 519 1562 ephebi
541 1478 629 1546 brevi
651 1480 867 1546 tantummodo
882 1484 956 1546 ante
971 1479 1088 1548 archon
1105 1478 1173 1562 iuit,
1188 1478 1324 1547 fortasse
1339 1483 1413 1546 ante
1426 1497 1524 1546 unum

301 1599 358 1660 aut
380 1593 458 1659 duos
480 1610 588 1658 annos.
633 1591 723 1672 Quod
745 1591 821 1658 mihi
842 1593 968 1674 quidem
990 1591 1158 1660 verisimile
1179 1592 1312 1659 videtur.
1347 1591 1428 1658 Cum
1447 1607 1523 1658 vero

301 1726 328 1773 a.
354 1709 415 1772 163
438 1723 530 1772 suurn
561 1704 678 1772 habeat
709 1704 901 1787 armantem,
933 1706 1002 1787 ipso
1025 1705 1224 1774 antecedenti
1247 1721 1341 1786 anno,
1372 1703 1427 1771 sel.
1453 1706 1524 1785 164,

301 1816 409 1888 Aelius
432 1816 526 1884 Gelos
549 1817 666 1885 archon
687 1817 791 1887 fuerit.
953 1825 955 1830 ’

383 2004 441 2070 Ad
459 2007 576 2074 α166.
610 2007 802 2074 Archontem
827 2006 957 2074 Sextum
979 2006 1165 2074 Phalereum
1186 2005 1219 2072 in
1241 2005 1290 2072 tit.
1316 2005 1379 2072 Φιλ.
1400 2005 1444 2088 11,
1461 2008 1523 2074 268

296 2117 526 2187 restituendum
538 2137 607 2186 esse
618 2121 714 2190 exstit.
728 2121 818 2188 Ross.
827 2120 867 2187 de
878 2120 958 2186 dem.
975 2138 1026 2186 no.
1035 2123 1074 2186 29
1086 2118 1167 2186 inira
1178 2116 1522 2202 patebit(ei.0ap.Vi).

296 2231 389 2299 Hune
399 2235 505 2298 autem
516 2232 548 2298 in
558 2251 674 2298 annum
682 2231 846 2300 reieoimus
858 2229 986 2298 titulum
994 2250 1032 2297 ex
1042 2230 1231 2298 coniectura.
1243 2229 1521 2296 Primumvs.l-·2

295 2343 409 2410 lemma
432 2347 496 2410 est:
519 2341 567 2408 ἐπὶ
590 2341 655 2431 νίκῃ
679 2346 740 2408 τῶν
762 2340 934 2406 θειοτάτων
965 2340 1221 2430 αὐτα[κρατόραιν
1242 2339 1322 2427 Αὐρ.
1347 2336 1521 2405 Ἀντιυνῖναυ

296 2455 345 2519 καὶ
387 2453 468 2542 Αὐρ.
502 2455 625 2543 Βὴραα]
659 2454 835 2539 Σεβαστῶν
870 2448 1080 2543 Ἀρμενιακῶν
1118 2451 1301 2541 Παρ6ι[κῶν
1341 2450 1520 2545 marturano}

296 2567 416 2646 Quibus
441 2587 479 2634 ex
502 2568 714 2650 cognomentis
735 2569 961 2650 imperatorum
982 2572 1071 2650 patet
1092 2567 1221 2634 titulum
1242 2585 1304 2632 non
1335 2569 1409 2632 ante
1430 2583 1458 2630 a.
1481 2563 1521 2632 U.

296 2711 330 2780 G.
356 2717 426 2796 919,
451 2713 575 2797 Olymp.
597 2717 668 2796 236,
693 2719 726 2796 l,
754 2680 806 2824 {gg
828 2734 858 2798 p.
881 2713 954 2781 Ohr.
986 2713 1138 2798 scriptum
1168 2730 1247 2780 esse.
1297 2710 1384 2780 Obiit
1413 2713 1520 2778 autem

416 2834 466 2890 168

294 2867 396 2936 Verus
414 2907 465 2978 1—55
486 2887 517 2952 p.
541 2866 622 2947 Chr,
646 2867 768 2954 Olymp.
799 2873 870 2952 236,
893 2875 924 2936 4.
947 2889 976 2938 a.
1000 2867 1039 2938 U.
1064 2867 1098 2936 O.
1123 2871 1194 2934 922.
1239 2868 1352 2950 Itaque
1380 2869 1463 2934 inter
1489 2886 1517 2933 a.

294 3013 344 3068 165
399 3015 450 3070 168
1063 3015 1111 3070 165

293 3085 450 3157 ffl-ffl
471 3049 583 3117 titulus
613 3051 819 3118 collocandus.
865 3052 909 3117 At
938 3069 1038 3118 annus
1060 3086 1112 3158 iffi
1135 3049 1256 3118 obtinet
1277 3067 1369 3116 suum
1391 3049 1521 3117 arabon-

293 3207 368 3268 tem.
415 3203 549 3271 Restant
581 3205 679 3289 igitur
708 3171 968 3315 anniffi-J—g-g.
1012 3207 1081 3272 Iam
1108 3205 1211 3272 intit.
1235 3205 1318 3272 (1.1.
1344 3207 1402 3272 191
1427 3204 1521 3272 habe·

293 3365 378 3414 mus:
419 3347 556 3439 »Ἆγαθῇ
595 3349 670 3442 τύχῃ
711 3355 773 3418 τῶν
808 3352 975 3436 σεβαστῶν
1011 3351 1049 3416 Μ.
1073 3349 1232 3440 Αὔρηλίαιι
1264 3349 1437 3416 barontum
1473 3353 1521 3416 καὶ

212 3552 215 3558 1
275 3458 331 3524 ’Λ.
355 3457 512 3549 Αὐρηλία)
540 3463 662 3550 Βὴραιι,
695 3463 914 3552 Ἀρμενιακῶν,
946 3462 1132 3551 Παρθικῶν,
1163 3460 1320 3548 μεγίστων
1355 3464 1408 3526 ταῶ
1439 3463 1520 3548 μετὰ

294 3570 514 3658 Μαρερτεῒναν
537 3571 699 3664 ἄρχαντ[α]
722 3574 861 3640 ἐνιανταῶ
884 3579 943 3643 cet.
966 3576 1078 3659 Itaque
1097 3575 1193 3643 etiam
1213 3573 1265 3642 hit
1294 3573 1406 3642 titulus
1435 3574 1520 3641 intra

294 3700 347 3750 eos
369 3701 467 3752 annos
489 3685 698 3754 collocandus.
732 3689 832 3754 Immo
853 3706 928 3755 vero
952 3689 1047 3755 etiam
1068 3689 1117 3756 tit.
1141 3686 1175 3753 O.
1198 3687 1221 3752 1.
1249 3687 1324 3768 190.
1338 3686 1520 3754 ubilamma
1645 3723 1651 3734 ·

295 3793 431 3861 996;,ἐπ1
452 3794 605 3886 ἄρχοντας
626 3799 664 3862 M.
690 3797 843 3885 Βαλερίαιι
866 3799 1072 3887 Μαμερτῖνοι)
1095 3801 1156 3865 κτλ.
1178 3835 1221 3848 --
1266 3800 1379 3883 ltaque
1405 3799 1518 3868 horum

294 3905 456 3973 titulorum
479 3908 555 3976 ordo
578 3907 671 3976 debet
693 3927 762 3976 esse
783 3914 839 3976 aut
860 3910 927 3976 hie:

345 4096 396 4150 166

294 4147 322 4198 a.
344 4167 395 4237 557
418 4164 459 4178 -
482 4128 519 4196 O.
543 4131 569 4196 I.
595 4136 670 4198 19οτ
693 4130 741 4196 ἐπὶ
764 4132 968 4220 Μαρερτίναιι
991 4133 1151 4224 ἄρχοντος.

346 4275 396 4330 167

293 4327 322 4375 9.
345 4348 397 4416 1-63
418 4347 461 4358 -
482 4310 517 4377 O.
541 4312 566 4378 I.
594 4317 672 4378 191:
695 4311 742 4378 ἐπὶ
764 4315 818 4378 ταῶ
837 4316 920 4400 μετὰ
941 4315 1144 4402 Μαρερτῒναν
1168 4321 1226 4384 cet.

293 4449 321 4555 9.
344 4455 396 4535 Q
417 4527 459 4538 —
483 4489 546 4556 no.
568 4492 611 4570 ΙΙ,
634 4496 711 4559 268:
735 4493 783 4558 ἐπὶ
805 4493 954 4584 ἄρχοντος
978 4495 1108 4574 Σέξτον.

1333 4422 1379 4468 A

346 4543 395 4599 169
