3436 5326
317 608 513 692 οτοφορικῶν
535 601 633 691 ἐδόθο
655 636 697 650 -
720 603 765 674 εἷς
785 599 898 674 θυσίας
919 603 997 689 ὑπὲρ
1020 605 1073 668 τοῦ
1097 601 1328 688 αὐτοκράτορος
1359 605 1415 690 τῆς
1438 599 1545 684 ὑγείας

318 717 367 781 καὶ
389 716 432 787 εἰς
455 714 595 786 σπονδάς
615 715 699 798 xri).
743 715 790 781 De
817 714 876 782 hoe
897 715 1053 798 gymnasii
1074 714 1196 783 aerario
1217 712 1325 780 videus
1355 731 1450 795 supra
1471 733 1543 798 psg.
1698 721 1699 726 ’

317 833 359 894 49
382 845 448 910 sqq.

821 418 1035 480 ..90-

409 937 461 1005 Vs.
486 940 547 1005 13..
579 937 779 1004 Pittukisium
810 957 920 1004 revera
948 939 981 1004 in
1002 938 1108 1020 lapide
1135 937 1251 1021 legisse
1281 959 1544 1023 ουστρεμμοταρ-

311 1053 454 1141 χὴσαντο
476 1069 538 1117 nou
552 1068 686 1132 possum
709 1049 785 1114 mihi
806 1049 1005 1132 persuadere.
1051 1048 1246 1116 Crediderim
1274 1049 1320 1114 ita
1343 1053 1419 1116 eum
1441 1049 1474 1114 in
1496 1068 1544 1115 er·

316 1180 419 1230 rerem
440 1161 602 1228 inductum
624 1179 693 1228 esse
719 1166 754 1227 ut
777 1179 868 1228 versu
894 1167 929 1226 11
961 1165 1104 1244 respecto
1133 1161 1240 1244 legens
1264 1209 1400 1228 .....
1423 1183 1544 1248 quauta

316 1272 394 1339 illud
422 1272 621 1358 suppleverit.
674 1271 739 1337 Nos
762 1291 800 1338 ex
823 1269 886 1338 Φιλ.
910 1271 961 1336 ΙΙΙ
982 1290 1012 1354 p.
1029 1272 1102 1353 444,
1128 1277 1143 1338 1
1168 1271 1227 1359 (vs.
1252 1270 1306 1357 35)
1329 1271 1542 1338 restituimus:

316 1381 591 1473 ἐγομνοοιαρχὴθη
619 1381 653 1453 ἐς
681 1382 718 1446 τὰ
750 1381 952 1471 streperem.
981 1419 1024 1433 -
1056 1382 1107 1447 Vs.
1141 1385 1188 1449 15.
1236 1384 1284 1450 De
1313 1383 1543 1467 Philadelpheis

317 1495 356 1562 ef.
385 1516 455 1581 pag.
476 1501 515 1561 62
538 1513 604 1579 sqq.
626 1530 670 1542 --
699 1494 750 1560 Vs.
781 1497 829 1560 16.
875 1493 1032 1577 Scriptum
1054 1494 1188 1562 fortasse
1210 1493 1269 1560 fuit
1291 1495 1403 1577 ephebi
1418 1514 1541 1576 nomen,

316 1608 423 1674 addito
446 1605 581 1689 quodem
606 1606 786 1690 praedicato
810 1607 907 1672 veluti
929 1605 1118 1694 στρατηγός,
1149 1607 1251 1693 κῆρυξ
1271 1609 1340 1684 eet,
1362 1607 1447 1689 quod
1468 1606 1540 1673 aliis

316 1719 350 1784 in
372 1719 439 1786 eius
461 1718 584 1802 generis
606 1718 707 1784 titulis
729 1718 875 1784 cernitur.
920 1719 958 1783 In
979 1719 1082 1785 medie
1104 1719 1248 1784 columna
1269 1718 1418 1786 videntur
1432 1738 1538 1786 recem·

316 1830 369 1897 siti
390 1829 488 1896 fuisse
510 1828 731 1916 οωφρονιοταί,
753 1830 786 1895 in
808 1829 918 1897 dextra
940 1828 1074 1897 fortasse
1096 1827 1301 1914 ἀγωνοθέται.
