3418 5340
677 376 889 442 ..45-

167 557 355 643 paedotriba
380 564 540 643 comparet
572 560 602 627 in
634 559 697 626 orl.
719 562 779 645 IV,
811 566 882 644 272,
912 567 941 632 8.
986 563 1076 643 Quod
1103 583 1177 634 vero
1206 564 1250 632 ibi
1277 565 1393 648 legitur

170 670 466 760 ὑπο]παι8οτρι’βητ
491 671 555 736 διὰ
574 671 669 756 βίου
691 673 846 755 quomodo
873 674 915 742 sit
940 675 1185 760 intellegendum
1213 677 1392 746 docebimus

168 783 202 850 in
241 802 307 866 cap.
335 783 410 852 XV:
443 783 504 851 luit
535 785 617 852 enim
649 803 707 870 per
739 785 895 868 quandum
926 788 999 854 anni
1027 792 1149 873 partem
1181 787 1393 875 brocardorpl·

167 895 250 984 βης,
289 901 357 963 tum
390 903 515 966 mortuo
541 897 727 982 paedotriba
760 903 912 984 perpetuo
944 891 1090 985 Epicteto
1121 901 1155 968 in
1191 901 1259 969 eius
1291 900 1393 968 locum

170 1010 321 1076 acmessit
343 1015 386 1088 (a.
411 1013 495 1088 192).
529 1009 622 1078 Unde
643 1010 737 1078 simul
758 1011 891 1094 adparet
910 1018 1051 1082 nostram
1065 1012 1299 1097 inscriptionem
1321 1018 1394 1098 post

169 1139 199 1187 a
225 1125 285 1188 192
308 1126 468 1189 maroam
487 1139 565 1190 esse.

264 1231 317 1298 Va.
333 1236 362 1299 7.
379 1235 411 1300 8.
451 1231 661 1320 Γραμματεύς
680 1233 733 1300 διὰ
745 1234 818 1320 βίου
833 1236 937 1323 ἱερεὺς
952 1231 1105 1323 Στράτων
1119 1233 1287 1327 Ἀχαρνεὺς
1300 1232 1335 1302 τὸ
1347 1231 1377 1302 δ’
1377 1231 1395 1302 ι’

170 1343 192 1410 i.
215 1363 243 1412 a,
266 1349 415 1429 quanam
436 1344 591 1414 decimum
612 1365 729 1414 annum
750 1365 880 1416 munere
893 1347 1036 1433 iungens.
1073 1330 1214 1424 ΡτοΔῙ
1234 1353 1394 1433 exspecta

170 1437 317 1532 mnsTA
347 1453 398 1538 (aa
419 1455 532 1525 Franz.
554 1458 594 1524 el.
617 1458 715 1543 epigr.
737 1475 809 1543 pag.
824 1465 886 1528 350
908 1466 1000 1544 sup).
1033 1461 1077 1528 nt
1090 1460 1232 1528 simililer
1245 1460 1394 1530 scribitur

174 1549 312 1656 Hl'pro
324 1548 393 1649 ῙΙ·“·Ι
417 1571 450 1637 in
473 1569 536 1637 orl.
560 1569 603 1653 Il,
617 1575 690 1654 428,
712 1589 757 1638 vs.
772 1575 823 1637 46.
857 1570 985 1640 Scriboe
1000 1577 1106 1638 autem
1121 1590 1234 1640 munus
1255 1574 1287 1640 in
1302 1572 1395 1657 ephe·

170 1683 284 1750 borum
294 1684 456 1766 gymnasio
468 1683 546 1749 satis
559 1701 674 1766 magna
687 1683 877 1749 auctoritate
892 1687 925 1750 et
939 1682 1092 1767 dignitate
1106 1683 1230 1752 videtur
1240 1681 1393 1752 floruisse.

171 1793 209 1860 ld
224 1793 307 1861 enim
328 1793 401 1860 inde
422 1793 535 1878 colligo
557 1793 642 1875 quod
664 1793 768 1860 scriba
781 1794 901 1877 primus
916 1799 989 1878 post
1002 1794 1219 1879 paedotribam
1233 1793 1270 1861 fit
1283 1813 1394 1880 parpe-

171 1911 247 1973 tuus
268 1906 351 1974 inter
370 1911 491 1974 ceteros
513 1905 667 1990 gymnasii
688 1906 894 1990 magistratus
916 1911 949 1974 et
970 1907 1055 1992 quod
1076 1906 1127 1975 hic
1151 1905 1279 1974 Straton
1301 1905 1395 1974 simul

171 2017 348 2084 sacerdotio
370 2018 506 2102 quodam
521 2017 673 2100 iungitur.
718 2017 806 2085 Idem
827 2017 920 2084 homo
942 2015 1011 2084 aliis
1033 2018 1066 2082 in
1089 2017 1189 2087 titulis
1211 2018 1394 2087 adcuratius

168 2127 346 2211 appellatur
378 2122 531 2216 Στράτων
564 2125 763 2216 Κιθαιρῶνος
790 2125 960 2218 Ἀχαρνεύς.
1017 2129 1224 2212 Sophronisia
1253 2137 1302 2198 est
1330 2149 1394 2197 una

169 2257 240 2305 cum
273 2237 372 2308 fratre
395 2239 582 2308 Cithaerone
604 2239 686 2307 Gith.
702 2239 743 2308 fil.
758 2241 903 2326 Acharn.¹
922 2241 956 2306 in
978 2240 1012 2308 0.
1035 2241 1061 2308 1.
1085 2245 1163 2318 277;
1192 2241 1395 2328 γραμματεὺς

168 2357 202 2416 et
222 2349 328 2436 ispali<
348 2356 398 2418 ast
418 2351 451 2417 in
473 2350 508 2417 (i.
521 2353 546 2418 Ι.
571 2355 641 2418 286.
656 2387 701 2401 -
721 2352 924 2438 γραμματεὺς
945 2351 995 2416 διὰ
1004 2350 1077 2435 βίου
1100 2351 1132 2418 in
1154 2350 1188 2418 C.
1212 2351 1239 2418 Ι.
1262 2356 1334 2418 276.
1350 2389 1394 2401 -

170 2462 374 2549 γραμματεὺς
394 2463 445 2527 διὰ
463 2463 535 2548 βίου
558 2469 591 2532 et
616 2464 722 2552 ispali<
742 2465 774 2530 in
798 2462 862 2530 dat.
885 2464 945 2544 ΙΙΙ,
968 2468 1040 2545 277,
1065 2469 1098 2539 1;
1131 2463 1190 2545 ΙΙΙ,
1215 2468 1285 2542 553,
1309 2465 1394 2548 231,
1520 2515 1523 2521 -

170 2565 242 2657 518,
268 2579 302 2656 6;
334 2576 468 2659 denique
495 2577 528 2644 in
546 2573 610 2664 Ἕφ.
641 2577 710 2667 cipp.
735 2581 815 2643 2831
842 2574 893 2660 (ci.
916 2592 984 2657 cap.
1007 2571 1059 2660 V).
1105 2573 1171 2641 Sub
1201 2573 1394 2657 paedotribis

167 2686 313 2770 Epicteto
343 2688 522 2756 Nicostrato
550 2689 749 2774 Telesphoro,
772 2689 792 2755 i.
816 2706 843 2755 e.
866 2686 940 2754 inde
967 2687 1008 2754 ab
1031 2683 1201 2752 Commodo
1232 2704 1333 2770 nsque
1361 2686 1394 2752 in

168 2797 350 2866 Caracallae
371 2805 517 2882 aemtem,
538 2801 570 2866 in
591 2819 721 2868 munere
742 2799 811 2866 luit.
832 2833 877 2846 -

254 2907 335 2974 Iade
358 2909 398 2974 ob
418 2933 464 2978 oo.
488 2913 606 2976 9-22
631 2917 836 2979 recensentur
865 2909 1084 2994 sophronistae
1118 2913 1150 2976 et
1181 2908 1394 2994 hyposopbro·

166 3021 278 3088 nistae.
321 3021 390 3100 Quo
412 3022 451 3089 de
473 3041 603 3090 munere
624 3042 686 3090 non
707 3025 779 3108 plus
801 3027 996 3105 compertum
1017 3023 1168 3090 habemus
1191 3040 1285 3105 quam
1307 3020 1392 3104 quod

167 3153 206 3200 cx
226 3133 295 3216 ipso
317 3134 441 3202 nomine
463 3136 670 3217 cognoscitur.
703 3136 796 3218 Apud
817 3119 935 3202 Pittalr.
958 3135 1048 3202 l'anc.
1072 3132 1211 3200 Athenas
1232 3153 1303 3217 pag.
1318 3133 1392 3215 480,
1511 3221 1512 3224 ¹

170 3249 231 3310 481
256 3245 288 3311 in
309 3263 430 3328 manco,
459 3245 626 3330 sepulcrali
658 3246 725 3313 sine
758 3247 853 3315 dubio
886 3247 989 3329 titulo,
1021 3247 1231 3330 praedicatur,
1265 3266 1392 3332 σωφρο-

168 3354 295 3422 νίσαντα
325 3356 470 3448 ἐφῆβους
495 3357 577 3442 μετὰ
599 3357 704 3445 πάσης
725 3355 949 3442 εὐκοσμίας.
972 3395 1014 3406 -
1047 3357 1181 3424 Liberae
1202 3355 1393 3439 reipublicae

166 3473 308 3552 tempore
329 3472 420 3536 erant
442 3469 560 3550 decem,
582 3468 696 3552 singuli
712 3488 750 3536 ex
772 3467 903 3551 singulis
918 3468 1065 3536 tribubus
1081 3467 1172 3536 electi
1188 3466 1238 3550 (ol.
1255 3465 1391 3534 Boeckh.

168 3578 284 3648 Oecon.
308 3579 388 3648 civil.
413 3581 438 3646 1.
461 3599 492 3662 p.
518 3585 590 3648 837.
627 3581 675 3646 De
697 3581 829 3666 ephebia
849 3599 920 3664 pag.
944 3580 1009 3663 85).
1044 3581 1273 3663 Imperatorum
1288 3582 1393 3646 aetate

168 3708 224 3758 sex
246 3708 370 3775 semper
390 3695 465 3758 sunt
486 3692 703 3776 sophronistae
725 3693 920 3776 totidemque
945 3690 1256 3775 hyposophronistae.
1302 3688 1393 3768 Quod

168 3821 243 3870 vero
265 3803 297 3870 in
320 3801 354 3870 O.
377 3803 403 3870 1.
428 3808 489 3870 277
512 3808 666 3886 quattuor
688 3809 812 3872 tantum
833 3803 1051 3888 sophronistae
1072 3801 1273 3870 inveniuntur
1287 3800 1332 3868 sic
1346 3799 1394 3866 in·

166 3913 284 3999 tellego
316 3919 354 3982 ut
386 3913 598 3998 fragmentum
632 3914 711 3982 illud
738 3933 808 3983 esse
837 3933 981 3982 censeam
1014 3914 1100 3984 tituli
1121 3933 1183 3998 quo
1206 3917 1393 3996 spstremma

166 4025 361 4111 epheborum
390 4027 583 4112 continetur3
617 4027 729 4094 eodem
761 4027 854 4094 modo
884 4031 1054 4110 quaternos
1082 4022 1316 4110 sophronistas¹
1338 4022 1393 4090 ad·

166 4139 300 4232 scriptos
328 4139 504 4208 invenimus
532 4139 656 4208 duobus
690 4140 962 4225 systremmatibus
991 4139 1025 4204 in
1057 4135 1121 4204 Φιλ.
1145 4136 1171 4220 Ι,
1202 4140 1273 4218 384,
1297 4139 1326 4202 3.
1349 4170 1391 4182 --

166 4251 336 4320 Praeterea
356 4251 389 4317 in
411 4252 505 4320 titulo
528 4250 592 4319 dol.
616 4251 669 4334 IV,
695 4257 765 4335 164,
791 4257 817 4334 1,
841 4250 984 4333 quamvis
1006 4250 1139 4332 integro,
1172 4245 1391 4330 sophronistae

240 4502 249 4535 ¹
267 4502 325 4557 Vox
342 4499 536 4572 supponere-lc
552 4503 589 4554 ibi
606 4500 695 4555 latiore
712 4515 790 4556 sensu
807 4507 848 4553 ort
863 4497 1034 4567 intellegenda
1059 4498 1096 4554 ita
1113 4506 1142 4551 nt
1158 4495 1286 4566 significat
1307 4503 1335 4550 et
1350 4511 1394 4549 ao·

166 4589 324 4662 phronirtam
342 4597 368 4642 et
384 4588 647 4660 hyposopbronistam‚
665 4587 709 4656 qni
725 4586 826 4657 proprie
844 4587 967 4640 dicuntur.
