<?xml version="1.0" encoding="UTF-8"?>
<!DOCTYPE html PUBLIC "-//W3C//DTD XHTML 1.0 Transitional//EN"
    "http://www.w3.org/TR/xhtml1/DTD/xhtml1-transitional.dtd">
<html xmlns="http://www.w3.org/1999/xhtml" xml:lang="en" lang="en">
 <head>
  <title>
</title>
<meta http-equiv="Content-Type" content="text/html;charset=utf-8" />
  <meta name='ocr-system' content='tesseract 3.04.00' />
  <meta name='ocr-capabilities' content='ocr_page ocr_carea ocr_par ocr_line ocrx_word'/>
</head>
<body>
  <div class='ocr_page' id='page_1' title='image "./commentationese00neubgoog_0057.png"; bbox 0 0 3418 5340; ppageno 0'>
   <div class='ocr_carea' id='block_1_1' title="bbox 816 417 1029 480">
    <p class='ocr_par' dir='ltr' id='par_1_1' title="bbox 816 417 1029 480">
     <span class='ocr_line' id='line_1_1' title="bbox 816 417 1029 480; baseline -0.038 -10"><span class='ocrx_word' id='word_1_1' title='bbox 816 417 1029 480; x_wconf 81' lang='lat'>...44-</span> 
     </span>
    </p>
   </div>
   <div class='ocr_carea' id='block_1_2' title="bbox 308 599 1535 1136">
    <p class='ocr_par' dir='ltr' id='par_1_2' title="bbox 308 599 1535 1136">
     <span class='ocr_line' id='line_1_2' title="bbox 308 599 1535 689; baseline 0.003 -21"><span class='ocrx_word' id='word_1_2' title='bbox 308 601 397 668; x_wconf 89' lang='lat' dir='ltr'>ribus</span> <span class='ocrx_word' id='word_1_3' title='bbox 418 600 570 668; x_wconf 89' lang='lat' dir='ltr'>molestiis</span> <span class='ocrx_word' id='word_1_4' title='bbox 591 601 742 669; x_wconf 88' lang='lat' dir='ltr'>sudarent</span> <span class='ocrx_word' id='word_1_5' title='bbox 769 605 801 669; x_wconf 92' lang='lat' dir='ltr'>et</span> <span class='ocrx_word' id='word_1_6' title='bbox 833 600 907 668; x_wconf 91' lang='lat' dir='ltr'>boni</span> <span class='ocrx_word' id='word_1_7' title='bbox 940 599 1138 670; x_wconf 89' lang='lat' dir='ltr'>efficerentur</span> <span class='ocrx_word' id='word_1_8' title='bbox 1170 603 1292 672; x_wconf 83' lang='lat' dir='ltr'><strong>milites.</strong></span> <span class='ocrx_word' id='word_1_9' title='bbox 1346 603 1467 689; x_wconf 85' lang='lat' dir='ltr'>corpus</span> <span class='ocrx_word' id='word_1_10' title='bbox 1500 608 1535 672; x_wconf 90' lang='lat' dir='ltr'>et</span> 
     </span>
     <span class='ocr_line' id='line_1_3' title="bbox 309 707 1534 800; baseline 0.004 -21"><span class='ocrx_word' id='word_1_11' title='bbox 309 713 447 780; x_wconf 87' lang='lat' dir='ltr'>animum</span> <span class='ocrx_word' id='word_1_12' title='bbox 476 711 616 779; x_wconf 81' lang='lat' dir='ltr'>excolere</span> <span class='ocrx_word' id='word_1_13' title='bbox 643 713 804 780; x_wconf 86' lang='lat' dir='ltr'>volebant:</span> <span class='ocrx_word' id='word_1_14' title='bbox 841 713 913 779; x_wconf 92' lang='lat' dir='ltr'>huic</span> <span class='ocrx_word' id='word_1_15' title='bbox 935 707 982 780; x_wconf 87' lang='lat' dir='ltr'>rei</span> <span class='ocrx_word' id='word_1_16' title='bbox 1003 713 1260 798; x_wconf 89' lang='lat' dir='ltr'>philosophorum</span> <span class='ocrx_word' id='word_1_17' title='bbox 1294 717 1420 784; x_wconf 89' lang='lat' dir='ltr'>scholae</span> <span class='ocrx_word' id='word_1_18' title='bbox 1452 735 1534 800; x_wconf 88' lang='lat' dir='ltr'>quas</span> 
     </span>
     <span class='ocr_line' id='line_1_4' title="bbox 309 822 1533 910; baseline 0.004 -20"><span class='ocrx_word' id='word_1_19' title='bbox 309 822 560 908; x_wconf 77' lang='lat' dir='ltr'>frequentabant,</span> <span class='ocrx_word' id='word_1_20' title='bbox 582 823 627 890; x_wconf 90' lang='lat' dir='ltr'>illi</span> <span class='ocrx_word' id='word_1_21' title='bbox 648 825 695 890; x_wconf 92' lang='lat' dir='ltr'>rei</span> <span class='ocrx_word' id='word_1_22' title='bbox 717 843 798 891; x_wconf 93' lang='lat' dir='ltr'>unus</span> <span class='ocrx_word' id='word_1_23' title='bbox 819 825 1005 908; x_wconf 80' lang='lat' dir='ltr'>paedotriba</span> <span class='ocrx_word' id='word_1_24' title='bbox 1027 830 1061 893; x_wconf 92' lang='lat' dir='ltr'>et</span> <span class='ocrx_word' id='word_1_25' title='bbox 1081 826 1306 910; x_wconf 91' lang='lat' dir='ltr'>hoplomachus</span> <span class='ocrx_word' id='word_1_26' title='bbox 1328 829 1406 894; x_wconf 91' lang='lat' dir='ltr'>satis</span> <span class='ocrx_word' id='word_1_27' title='bbox 1433 828 1533 895; x_wconf 89' lang='lat' dir='ltr'>inser·</span> 
     </span>
     <span class='ocr_line' id='line_1_5' title="bbox 309 935 1535 1020; baseline 0.005 -18"><span class='ocrx_word' id='word_1_28' title='bbox 309 935 444 1002; x_wconf 86' lang='lat' dir='ltr'>viebant</span> <span class='ocrx_word' id='word_1_29' title='bbox 484 936 679 1018; x_wconf 83' lang='lat' dir='ltr'>Quamquam</span> <span class='ocrx_word' id='word_1_30' title='bbox 702 936 797 1004; x_wconf 90' lang='lat' dir='ltr'>etiam</span> <span class='ocrx_word' id='word_1_31' title='bbox 819 940 894 1004; x_wconf 90' lang='lat' dir='ltr'>tunc</span> <span class='ocrx_word' id='word_1_32' title='bbox 916 942 1034 1004; x_wconf 89' lang='lat' dir='ltr'>certam</span> <span class='ocrx_word' id='word_1_33' title='bbox 1062 938 1136 1004; x_wconf 91' lang='lat' dir='ltr'>anni</span> <span class='ocrx_word' id='word_1_34' title='bbox 1163 942 1285 1020; x_wconf 91' lang='lat' dir='ltr'>partem</span> <span class='ocrx_word' id='word_1_35' title='bbox 1318 937 1396 1006; x_wconf 87' lang='lat' dir='ltr'>fines</span> <span class='ocrx_word' id='word_1_36' title='bbox 1428 944 1535 1008; x_wconf 87' lang='lat' dir='ltr'>terrae</span> 
     </span>
     <span class='ocr_line' id='line_1_6' title="bbox 310 1046 1535 1136; baseline 0.003 -22"><span class='ocrx_word' id='word_1_37' title='bbox 310 1047 435 1114; x_wconf 85' lang='lat' dir='ltr'>Atticae</span> <span class='ocrx_word' id='word_1_38' title='bbox 449 1046 677 1130; x_wconf 82' lang='lat' dir='ltr'>perlustrantes</span> <span class='ocrx_word' id='word_1_39' title='bbox 699 1047 732 1113; x_wconf 90' lang='lat' dir='ltr'>in</span> <span class='ocrx_word' id='word_1_40' title='bbox 754 1048 934 1136; x_wconf 80' lang='grc' dir='ltr'><em>περιπολείᾳ</em></span> <span class='ocrx_word' id='word_1_41' title='bbox 956 1049 1103 1116; x_wconf 88' lang='lat' dir='ltr'>videntur</span> <span class='ocrx_word' id='word_1_42' title='bbox 1124 1050 1363 1133; x_wconf 84' lang='lat' dir='ltr'>consumpsisse.</span> <span class='ocrx_word' id='word_1_43' title='bbox 1414 1049 1535 1136; x_wconf 81' lang='lat' dir='ltr'>Colligo</span> 
     </span>
    </p>
   </div>
   <div class='ocr_carea' id='block_1_3' title="bbox 304 1156 1538 1697">
    <p class='ocr_par' dir='ltr' id='par_1_3' title="bbox 304 1156 1538 1697">
     <span class='ocr_line' id='line_1_7' title="bbox 311 1156 1537 1251; baseline 0 -25"><span class='ocrx_word' id='word_1_44' title='bbox 311 1179 349 1226; x_wconf 84' lang='lat' dir='ltr'>ex</span> <span class='ocrx_word' id='word_1_45' title='bbox 371 1159 419 1225; x_wconf 85' lang='lat' dir='ltr'>tit</span> <span class='ocrx_word' id='word_1_46' title='bbox 444 1156 509 1226; x_wconf 81' lang='grc' dir='ltr'><em>Φιλ.</em></span> <span class='ocrx_word' id='word_1_47' title='bbox 533 1159 593 1238; x_wconf 88' lang='grc' dir='ltr'>ΙΙΙ,</span> <span class='ocrx_word' id='word_1_48' title='bbox 615 1178 655 1242; x_wconf 74' lang='lat' dir='ltr'>p.,</span> <span class='ocrx_word' id='word_1_49' title='bbox 671 1164 743 1240; x_wconf 79' lang='lat'>350,</span> <span class='ocrx_word' id='word_1_50' title='bbox 767 1165 781 1225; x_wconf 92' lang='lat'>1</span> <span class='ocrx_word' id='word_1_51' title='bbox 809 1160 988 1247; x_wconf 71' lang='grc' dir='ltr'><em>Θράσυλλος</em></span> <span class='ocrx_word' id='word_1_52' title='bbox 1009 1161 1194 1250; x_wconf 76' lang='grc' dir='ltr'><em>ἐφηβεύοος</em></span> <span class='ocrx_word' id='word_1_53' title='bbox 1222 1199 1263 1208; x_wconf 98' lang='grc'><strong>-</strong></span> <span class='ocrx_word' id='word_1_54' title='bbox 1291 1163 1339 1226; x_wconf 76' lang='grc' dir='ltr'>καὶ</span> <span class='ocrx_word' id='word_1_55' title='bbox 1367 1185 1537 1251; x_wconf 82' lang='grc' dir='ltr'><em>οκηναρ-</em></span> 
     </span>
     <span class='ocr_line' id='line_1_8' title="bbox 304 1270 1537 1362; baseline 0.002 -26"><span class='ocrx_word' id='word_1_56' title='bbox 304 1271 438 1362; x_wconf 63' lang='lat' dir='ltr'>ppos&lt;</span> <span class='ocrx_word' id='word_1_57' title='bbox 465 1271 525 1337; x_wconf 85' lang='grc' dir='ltr'><em>κτλ.</em></span> <span class='ocrx_word' id='word_1_58' title='bbox 575 1273 656 1338; x_wconf 91' lang='lat' dir='ltr'>Item</span> <span class='ocrx_word' id='word_1_59' title='bbox 685 1272 718 1338; x_wconf 93' lang='lat' dir='ltr'>in</span> <span class='ocrx_word' id='word_1_60' title='bbox 747 1270 811 1338; x_wconf 81' lang='grc' dir='ltr'><em>Φιλ.</em></span> <span class='ocrx_word' id='word_1_61' title='bbox 834 1270 891 1354; x_wconf 88' lang='lat' dir='ltr'>IV,</span> <span class='ocrx_word' id='word_1_62' title='bbox 915 1277 986 1354; x_wconf 85' lang='grc'>265,</span> <span class='ocrx_word' id='word_1_63' title='bbox 1011 1279 1026 1339; x_wconf 96' lang='grc'>1</span> <span class='ocrx_word' id='word_1_64' title='bbox 1051 1291 1095 1342; x_wconf 87' lang='lat' dir='ltr'>vs.</span> <span class='ocrx_word' id='word_1_65' title='bbox 1119 1279 1160 1340; x_wconf 83' lang='lat'>46</span> <span class='ocrx_word' id='word_1_66' title='bbox 1195 1278 1445 1341; x_wconf 87' lang='lat' dir='ltr'>commemoratur</span> <span class='ocrx_word' id='word_1_67' title='bbox 1473 1276 1537 1355; x_wconf 81' lang='grc' dir='ltr'>κα]Ι</span> 
     </span>
     <span class='ocr_line' id='line_1_9' title="bbox 311 1382 1535 1472; baseline 0.004 -24"><span class='ocrx_word' id='word_1_68' title='bbox 311 1382 460 1471; x_wconf 80' lang='grc' dir='ltr'><em>ἐσκηνά</em></span> <span class='ocrx_word' id='word_1_69' title='bbox 462 1407 486 1468; x_wconf 90' lang='grc' dir='ltr'><em>ρ</em></span> <span class='ocrx_word' id='word_1_70' title='bbox 489 1383 645 1472; x_wconf 54' lang='lat' dir='ltr'>papea]</span> <span class='ocrx_word' id='word_1_71' title='bbox 678 1382 801 1471; x_wconf 66' lang='grc' dir='ltr'><em>ἡμέρας</em></span> <span class='ocrx_word' id='word_1_72' title='bbox 833 1387 925 1470; x_wconf 82' lang='grc' dir='ltr'><em>τρεῖς.</em></span> <span class='ocrx_word' id='word_1_73' title='bbox 977 1384 1075 1452; x_wconf 80' lang='lat' dir='ltr'>Cuius</span> <span class='ocrx_word' id='word_1_74' title='bbox 1106 1385 1191 1452; x_wconf 87' lang='lat' dir='ltr'>vocis</span> <span class='ocrx_word' id='word_1_75' title='bbox 1223 1385 1270 1452; x_wconf 86' lang='lat' dir='ltr'>vis</span> <span class='ocrx_word' id='word_1_76' title='bbox 1292 1386 1535 1469; x_wconf 77' lang='lat' dir='ltr'>Dittenbcrge‘ro</span> 
     </span>
     <span class='ocr_line' id='line_1_10' title="bbox 314 1494 1536 1582; baseline 0.003 -22"><span class='ocrx_word' id='word_1_77' title='bbox 314 1495 348 1572; x_wconf 84' lang='lat' dir='ltr'>(l.</span> <span class='ocrx_word' id='word_1_78' title='bbox 371 1494 392 1562; x_wconf 91' lang='grc' dir='ltr'>Ι.</span> <span class='ocrx_word' id='word_1_79' title='bbox 415 1513 487 1578; x_wconf 82' lang='lat' dir='ltr'>pag.</span> <span class='ocrx_word' id='word_1_80' title='bbox 511 1498 566 1572; x_wconf 88' lang='lat'>46)</span> <span class='ocrx_word' id='word_1_81' title='bbox 589 1512 718 1576; x_wconf 86' lang='lat' dir='ltr'>prorsus</span> <span class='ocrx_word' id='word_1_82' title='bbox 741 1495 876 1562; x_wconf 89' lang='lat' dir='ltr'>obscura</span> <span class='ocrx_word' id='word_1_83' title='bbox 896 1496 1037 1580; x_wconf 89' lang='lat' dir='ltr'>videtur,</span> <span class='ocrx_word' id='word_1_84' title='bbox 1070 1503 1104 1563; x_wconf 88' lang='lat' dir='ltr'>at</span> <span class='ocrx_word' id='word_1_85' title='bbox 1135 1516 1205 1564; x_wconf 93' lang='lat' dir='ltr'>meo</span> <span class='ocrx_word' id='word_1_86' title='bbox 1231 1498 1347 1566; x_wconf 92' lang='lat' dir='ltr'>iudicio</span> <span class='ocrx_word' id='word_1_87' title='bbox 1378 1496 1536 1582; x_wconf 84' lang='lat' dir='ltr'>significat</span> 
     </span>
     <span class='ocr_line' id='line_1_11' title="bbox 311 1605 1538 1697; baseline 0.004 -24"><span class='ocrx_word' id='word_1_88' title='bbox 311 1624 366 1673; x_wconf 89' lang='lat' dir='ltr'>eos</span> <span class='ocrx_word' id='word_1_89' title='bbox 389 1625 427 1672; x_wconf 87' lang='lat' dir='ltr'>cx</span> <span class='ocrx_word' id='word_1_90' title='bbox 449 1605 578 1688; x_wconf 88' lang='lat' dir='ltr'>ephebis</span> <span class='ocrx_word' id='word_1_91' title='bbox 600 1606 713 1688; x_wconf 89' lang='lat' dir='ltr'>quibus</span> <span class='ocrx_word' id='word_1_92' title='bbox 735 1625 806 1672; x_wconf 94' lang='lat' dir='ltr'>cum</span> <span class='ocrx_word' id='word_1_93' title='bbox 829 1607 940 1690; x_wconf 90' lang='lat' dir='ltr'>ephebi</span> <span class='ocrx_word' id='word_1_94' title='bbox 961 1607 994 1672; x_wconf 95' lang='lat' dir='ltr'>in</span> <span class='ocrx_word' id='word_1_95' title='bbox 1017 1608 1197 1697; x_wconf 84' lang='grc' dir='ltr'><em>περιπολείᾳ</em></span> <span class='ocrx_word' id='word_1_96' title='bbox 1212 1609 1270 1676; x_wconf 90' lang='lat' dir='ltr'>sub</span> <span class='ocrx_word' id='word_1_97' title='bbox 1286 1610 1357 1676; x_wconf 89' lang='lat' dir='ltr'>divo</span> <span class='ocrx_word' id='word_1_98' title='bbox 1372 1615 1538 1694; x_wconf 88' lang='lat' dir='ltr'>pernocta·</span> 
     </span>
    </p>
   </div>
   <div class='ocr_carea' id='block_1_4' title="bbox 232 1717 1540 3034">
    <p class='ocr_par' dir='ltr' id='par_1_4' title="bbox 232 1717 1538 2472">
     <span class='ocr_line' id='line_1_12' title="bbox 310 1717 1538 1788; baseline 0.002 -3"><span class='ocrx_word' id='word_1_99' title='bbox 310 1719 389 1785; x_wconf 92' lang='lat' dir='ltr'>bant</span> <span class='ocrx_word' id='word_1_100' title='bbox 409 1717 682 1784; x_wconf 85' lang='lat' dir='ltr'>tabernaculorum</span> <span class='ocrx_word' id='word_1_101' title='bbox 703 1723 789 1786; x_wconf 89' lang='lat' dir='ltr'>recte</span> <span class='ocrx_word' id='word_1_102' title='bbox 811 1717 1064 1786; x_wconf 90' lang='lat' dir='ltr'>collocandorum</span> <span class='ocrx_word' id='word_1_103' title='bbox 1086 1724 1118 1785; x_wconf 92' lang='lat' dir='ltr'>et</span> <span class='ocrx_word' id='word_1_104' title='bbox 1140 1720 1385 1788; x_wconf 89' lang='lat' dir='ltr'>ordinandorum</span> <span class='ocrx_word' id='word_1_105' title='bbox 1401 1741 1478 1788; x_wconf 91' lang='lat' dir='ltr'>cura</span> <span class='ocrx_word' id='word_1_106' title='bbox 1499 1741 1538 1788; x_wconf 89' lang='lat' dir='ltr'>ac</span> 
     </span>
     <span class='ocr_line' id='line_1_13' title="bbox 310 1828 1537 1916; baseline 0.003 -20"><span class='ocrx_word' id='word_1_107' title='bbox 310 1833 452 1914; x_wconf 87' lang='lat' dir='ltr'>potestas</span> <span class='ocrx_word' id='word_1_108' title='bbox 491 1828 641 1896; x_wconf 91' lang='lat' dir='ltr'>mandata</span> <span class='ocrx_word' id='word_1_109' title='bbox 670 1835 746 1897; x_wconf 89' lang='lat' dir='ltr'>erat.</span> <span class='ocrx_word' id='word_1_110' title='bbox 803 1829 958 1896; x_wconf 90' lang='lat' dir='ltr'>Nimirum</span> <span class='ocrx_word' id='word_1_111' title='bbox 996 1831 1124 1898; x_wconf 89' lang='lat' dir='ltr'>Polluce</span> <span class='ocrx_word' id='word_1_112' title='bbox 1158 1831 1265 1913; x_wconf 87' lang='lat' dir='ltr'>(Vlll,</span> <span class='ocrx_word' id='word_1_113' title='bbox 1299 1834 1372 1916; x_wconf 86' lang='lat'>105)</span> <span class='ocrx_word' id='word_1_114' title='bbox 1407 1839 1537 1900; x_wconf 88' lang='lat' dir='ltr'>auctore</span> 
     </span>
     <span class='ocr_line' id='line_1_14' title="bbox 312 1935 1533 2048; baseline 0.002 -42"><span class='ocrx_word' id='word_1_115' title='bbox 312 1939 472 2028; x_wconf 75' lang='grc' dir='ltr'><em>περίπολον</em></span> <span class='ocrx_word' id='word_1_116' title='bbox 508 1937 624 2048; x_wconf 70' lang='grc' dir='ltr'><em>ἔφηβοι</em></span> <span class='ocrx_word' id='word_1_117' title='bbox 654 1935 826 2030; x_wconf 76' lang='grc' dir='ltr'><em>περιῄεσαν</em></span> <span class='ocrx_word' id='word_1_118' title='bbox 856 1943 910 2032; x_wconf 71' lang='grc' dir='ltr'>τὴν</span> <span class='ocrx_word' id='word_1_119' title='bbox 933 1943 1048 2032; x_wconf 78' lang='grc' dir='ltr'><em>χώραν</em></span> <span class='ocrx_word' id='word_1_120' title='bbox 1077 1943 1287 2028; x_wconf 82' lang='grc' dir='ltr'><em>φυλάττοντες</em></span> <span class='ocrx_word' id='word_1_121' title='bbox 1322 1943 1428 2031; x_wconf 81' lang='grc' dir='ltr'><em>ὥςπερ</em></span> <span class='ocrx_word' id='word_1_122' title='bbox 1458 1943 1533 2034; x_wconf 76' lang='grc' dir='ltr'>ἤδη</span> 
     </span>
     <span class='ocr_line' id='line_1_15' title="bbox 309 2053 1535 2142; baseline 0.003 -25"><span class='ocrx_word' id='word_1_123' title='bbox 309 2053 563 2139; x_wconf 82' lang='grc' dir='ltr'><em>μελετῶντες</em></span> <span class='ocrx_word' id='word_1_124' title='bbox 596 2054 639 2118; x_wconf 87' lang='grc' dir='ltr'>τὰ</span> <span class='ocrx_word' id='word_1_125' title='bbox 671 2055 957 2142; x_wconf 82' lang='grc' dir='ltr'><em>στρατιωτικοί.</em></span> <span class='ocrx_word' id='word_1_126' title='bbox 1003 2053 1067 2121; x_wconf 88' lang='lat' dir='ltr'>Sed</span> <span class='ocrx_word' id='word_1_127' title='bbox 1095 2073 1163 2122; x_wconf 86' lang='lat' dir='ltr'>rem</span> <span class='ocrx_word' id='word_1_128' title='bbox 1184 2060 1296 2140; x_wconf 85' lang='lat' dir='ltr'>postea</span> <span class='ocrx_word' id='word_1_129' title='bbox 1316 2075 1433 2124; x_wconf 84' lang='lat' dir='ltr'>vanum</span> <span class='ocrx_word' id='word_1_130' title='bbox 1453 2055 1535 2124; x_wconf 87' lang='lat' dir='ltr'>ludi-</span> 
     </span>
     <span class='ocr_line' id='line_1_16' title="bbox 311 2165 1537 2251; baseline 0 -17"><span class='ocrx_word' id='word_1_131' title='bbox 311 2166 415 2234; x_wconf 92' lang='lat' dir='ltr'>brium</span> <span class='ocrx_word' id='word_1_132' title='bbox 427 2166 704 2251; x_wconf 86' lang='lat' dir='ltr'>spectaculumque</span> <span class='ocrx_word' id='word_1_133' title='bbox 715 2165 830 2233; x_wconf 82' lang='lat' dir='ltr'>iactam</span> <span class='ocrx_word' id='word_1_134' title='bbox 842 2183 911 2233; x_wconf 90' lang='lat' dir='ltr'>esse</span> <span class='ocrx_word' id='word_1_135' title='bbox 923 2165 990 2232; x_wconf 90' lang='lat' dir='ltr'>veri</span> <span class='ocrx_word' id='word_1_136' title='bbox 1001 2165 1169 2233; x_wconf 87' lang='lat' dir='ltr'>admodum</span> <span class='ocrx_word' id='word_1_137' title='bbox 1182 2172 1231 2233; x_wconf 89' lang='lat' dir='ltr'>est</span> <span class='ocrx_word' id='word_1_138' title='bbox 1242 2168 1351 2250; x_wconf 87' lang='lat' dir='ltr'>simile,</span> <span class='ocrx_word' id='word_1_139' title='bbox 1365 2169 1461 2250; x_wconf 86' lang='lat' dir='ltr'>idque</span> <span class='ocrx_word' id='word_1_140' title='bbox 1475 2169 1537 2235; x_wconf 89' lang='lat' dir='ltr'>iam</span> 
     </span>
     <span class='ocr_line' id='line_1_17' title="bbox 232 2277 1537 2364; baseline 0.002 -19"><span class='ocrx_word' id='word_1_141' title='bbox 232 2281 234 2286; x_wconf 85' lang='lat'>&#39;</span> <span class='ocrx_word' id='word_1_142' title='bbox 310 2279 417 2362; x_wconf 90' lang='lat' dir='ltr'>paullo</span> <span class='ocrx_word' id='word_1_143' title='bbox 440 2283 514 2345; x_wconf 90' lang='lat' dir='ltr'>ante</span> <span class='ocrx_word' id='word_1_144' title='bbox 537 2279 763 2362; x_wconf 87' lang='lat' dir='ltr'>imperatorum</span> <span class='ocrx_word' id='word_1_145' title='bbox 785 2281 930 2345; x_wconf 89' lang='lat' dir='ltr'>aetatem.</span> <span class='ocrx_word' id='word_1_146' title='bbox 966 2277 1076 2344; x_wconf 85' lang='lat' dir='ltr'>Cicero</span> <span class='ocrx_word' id='word_1_147' title='bbox 1098 2279 1225 2360; x_wconf 89' lang='lat' dir='ltr'>quidem</span> <span class='ocrx_word' id='word_1_148' title='bbox 1245 2279 1285 2346; x_wconf 92' lang='lat' dir='ltr'>de</span> <span class='ocrx_word' id='word_1_149' title='bbox 1305 2280 1427 2364; x_wconf 88' lang='lat' dir='ltr'>republ.</span> <span class='ocrx_word' id='word_1_150' title='bbox 1447 2281 1537 2362; x_wconf 85' lang='lat' dir='ltr'>1v,4</span> 
     </span>
     <span class='ocr_line' id='line_1_18' title="bbox 313 2387 1114 2472; baseline -0.006 -17"><span class='ocrx_word' id='word_1_151' title='bbox 313 2405 428 2471; x_wconf 73' lang='lat' dir='ltr'>»quam</span> <span class='ocrx_word' id='word_1_152' title='bbox 448 2389 557 2466; x_wconf 76' lang='lat' dir='ltr'>levis«,</span> <span class='ocrx_word' id='word_1_153' title='bbox 579 2391 633 2468; x_wconf 85' lang='lat' dir='ltr'>ait,</span> <span class='ocrx_word' id='word_1_154' title='bbox 658 2387 731 2455; x_wconf 82' lang='lat' dir='ltr'>»illa</span> <span class='ocrx_word' id='word_1_155' title='bbox 753 2389 945 2472; x_wconf 90' lang='lat' dir='ltr'>epheborum</span> <span class='ocrx_word' id='word_1_156' title='bbox 967 2388 1114 2455; x_wconf 79' lang='lat' dir='ltr'>militiai«</span> 
     </span>
    </p>

    <p class='ocr_par' dir='ltr' id='par_1_5' title="bbox 311 2500 1540 3034">
     <span class='ocr_line' id='line_1_19' title="bbox 398 2500 1538 2590; baseline -0.004 -24"><span class='ocrx_word' id='word_1_157' title='bbox 398 2501 587 2569; x_wconf 89' lang='lat' dir='ltr'>Paedotriba</span> <span class='ocrx_word' id='word_1_158' title='bbox 608 2501 738 2585; x_wconf 90' lang='lat' dir='ltr'>primus,</span> <span class='ocrx_word' id='word_1_159' title='bbox 762 2501 881 2567; x_wconf 91' lang='lat' dir='ltr'>utiam</span> <span class='ocrx_word' id='word_1_160' title='bbox 903 2500 976 2582; x_wconf 88' lang='lat' dir='ltr'>dixi,</span> <span class='ocrx_word' id='word_1_161' title='bbox 999 2519 1056 2584; x_wconf 87' lang='lat' dir='ltr'>par</span> <span class='ocrx_word' id='word_1_162' title='bbox 1078 2501 1161 2568; x_wconf 90' lang='lat' dir='ltr'>vitae</span> <span class='ocrx_word' id='word_1_163' title='bbox 1183 2505 1308 2587; x_wconf 90' lang='lat' dir='ltr'>tempus</span> <span class='ocrx_word' id='word_1_164' title='bbox 1331 2501 1419 2590; x_wconf 77' lang='grc' dir='ltr'><em>(οδιὰ</em></span> <span class='ocrx_word' id='word_1_165' title='bbox 1430 2500 1538 2587; x_wconf 62' lang='lat' dir='ltr'>pion«)</span> 
     </span>
     <span class='ocr_line' id='line_1_20' title="bbox 312 2611 1538 2698; baseline 0.001 -19"><span class='ocrx_word' id='word_1_166' title='bbox 312 2631 442 2680; x_wconf 92' lang='lat' dir='ltr'>munere</span> <span class='ocrx_word' id='word_1_167' title='bbox 462 2611 613 2697; x_wconf 61' lang='lat' dir='ltr'>ineptus.</span> <span class='ocrx_word' id='word_1_168' title='bbox 647 2612 763 2678; x_wconf 88' lang='lat' dir='ltr'>Postea</span> <span class='ocrx_word' id='word_1_169' title='bbox 777 2612 830 2678; x_wconf 91' lang='lat' dir='ltr'>alii</span> <span class='ocrx_word' id='word_1_170' title='bbox 850 2613 1055 2697; x_wconf 82' lang='lat' dir='ltr'>magistratus</span> <span class='ocrx_word' id='word_1_171' title='bbox 1070 2617 1353 2698; x_wconf 89' lang='lat' dir='ltr'>praeceptoresque</span> <span class='ocrx_word' id='word_1_172' title='bbox 1375 2614 1538 2682; x_wconf 89' lang='lat' dir='ltr'>accedunt.</span> 
     </span>
     <span class='ocr_line' id='line_1_21' title="bbox 311 2723 1538 2809; baseline 0.002 -19"><span class='ocrx_word' id='word_1_173' title='bbox 311 2724 389 2790; x_wconf 89' lang='lat' dir='ltr'>Post</span> <span class='ocrx_word' id='word_1_174' title='bbox 409 2724 627 2809; x_wconf 87' lang='lat' dir='ltr'>paedotribam</span> <span class='ocrx_word' id='word_1_175' title='bbox 656 2723 778 2806; x_wconf 90' lang='lat' dir='ltr'>primus</span> <span class='ocrx_word' id='word_1_176' title='bbox 806 2723 912 2790; x_wconf 91' lang='lat' dir='ltr'>scriba</span> <span class='ocrx_word' id='word_1_177' title='bbox 947 2730 1108 2809; x_wconf 87' lang='lat' dir='ltr'>comparet</span> <span class='ocrx_word' id='word_1_178' title='bbox 1139 2731 1312 2809; x_wconf 89' lang='lat' dir='ltr'>perpetuus</span> <span class='ocrx_word' id='word_1_179' title='bbox 1346 2723 1394 2809; x_wconf 84' lang='lat'>(0.</span> <span class='ocrx_word' id='word_1_180' title='bbox 1418 2726 1444 2791; x_wconf 90' lang='grc' dir='ltr'>Ι.</span> <span class='ocrx_word' id='word_1_181' title='bbox 1467 2730 1538 2792; x_wconf 83' lang='grc'><strong>276.</strong></span> 
     </span>
     <span class='ocr_line' id='line_1_22' title="bbox 314 2833 1539 2920; baseline 0 -20"><span class='ocrx_word' id='word_1_182' title='bbox 314 2833 378 2900; x_wconf 80' lang='lat' dir='ltr'>dcl.</span> <span class='ocrx_word' id='word_1_183' title='bbox 401 2836 456 2912; x_wconf 90' lang='lat' dir='ltr'>IV,</span> <span class='ocrx_word' id='word_1_184' title='bbox 480 2837 566 2920; x_wconf 84' lang='grc'><strong>272).</strong></span> <span class='ocrx_word' id='word_1_185' title='bbox 605 2834 787 2904; x_wconf 76' lang='lat' dir='ltr'>caracallae</span> <span class='ocrx_word' id='word_1_186' title='bbox 808 2840 913 2903; x_wconf 89' lang='lat' dir='ltr'>aetate</span> <span class='ocrx_word' id='word_1_187' title='bbox 935 2855 1004 2902; x_wconf 91' lang='lat' dir='ltr'>mos</span> <span class='ocrx_word' id='word_1_188' title='bbox 1026 2837 1089 2902; x_wconf 91' lang='lat' dir='ltr'>iam</span> <span class='ocrx_word' id='word_1_189' title='bbox 1110 2836 1206 2902; x_wconf 90' lang='lat' dir='ltr'>latius</span> <span class='ocrx_word' id='word_1_190' title='bbox 1228 2841 1332 2920; x_wconf 92' lang='lat' dir='ltr'>patet:</span> <span class='ocrx_word' id='word_1_191' title='bbox 1355 2837 1388 2903; x_wconf 94' lang='lat' dir='ltr'>in</span> <span class='ocrx_word' id='word_1_192' title='bbox 1407 2837 1456 2904; x_wconf 88' lang='lat' dir='ltr'>tit.</span> <span class='ocrx_word' id='word_1_193' title='bbox 1474 2835 1539 2901; x_wconf 82' lang='grc' dir='ltr'><em>Φιλ.</em></span> 
     </span>
     <span class='ocr_line' id='line_1_23' title="bbox 311 2946 1540 3034; baseline -0.002 -20"><span class='ocrx_word' id='word_1_194' title='bbox 311 2948 337 3034; x_wconf 91' lang='grc' dir='ltr'>Ι,</span> <span class='ocrx_word' id='word_1_195' title='bbox 361 2951 432 3028; x_wconf 84' lang='grc'>518,</span> <span class='ocrx_word' id='word_1_196' title='bbox 456 2953 474 3014; x_wconf 88' lang='grc'><strong>6</strong></span> <span class='ocrx_word' id='word_1_197' title='bbox 497 2967 525 3015; x_wconf 83' lang='grc' dir='ltr'>ο.</span> <span class='ocrx_word' id='word_1_198' title='bbox 550 2952 612 3014; x_wconf 89' lang='grc'>216</span> <span class='ocrx_word' id='word_1_199' title='bbox 634 2949 751 3032; x_wconf 91' lang='lat' dir='ltr'>scripto</span> <span class='ocrx_word' id='word_1_200' title='bbox 776 2946 828 3027; x_wconf 84' lang='lat' dir='ltr'>(cl.</span> <span class='ocrx_word' id='word_1_201' title='bbox 852 2966 919 3031; x_wconf 89' lang='lat' dir='ltr'>cap.</span> <span class='ocrx_word' id='word_1_202' title='bbox 944 2947 984 3030; x_wconf 77' lang='lat' dir='ltr'>Vl</span> <span class='ocrx_word' id='word_1_203' title='bbox 1008 2951 1136 3031; x_wconf 90' lang='lat' dir='ltr'>praeter</span> <span class='ocrx_word' id='word_1_204' title='bbox 1156 2948 1374 3031; x_wconf 87' lang='lat' dir='ltr'>paedotribam</span> <span class='ocrx_word' id='word_1_205' title='bbox 1403 2953 1435 3014; x_wconf 92' lang='lat' dir='ltr'>et</span> <span class='ocrx_word' id='word_1_206' title='bbox 1464 2948 1540 3014; x_wconf 88' lang='lat' dir='ltr'>scri-</span> 
     </span>
    </p>
   </div>
   <div class='ocr_carea' id='block_1_5' title="bbox 186 3058 1538 3159">
    <p class='ocr_par' dir='ltr' id='par_1_6' title="bbox 186 3058 1538 3159">
     <span class='ocr_line' id='line_1_24' title="bbox 186 3058 1538 3159; baseline -0.001 -33"><span class='ocrx_word' id='word_1_207' title='bbox 186 3156 188 3159; x_wconf 77' lang='lat'>.</span> <span class='ocrx_word' id='word_1_208' title='bbox 312 3059 385 3126; x_wconf 91' lang='lat' dir='ltr'>bam</span> <span class='ocrx_word' id='word_1_209' title='bbox 408 3060 502 3126; x_wconf 91' lang='lat' dir='ltr'>etiam</span> <span class='ocrx_word' id='word_1_210' title='bbox 524 3061 651 3148; x_wconf 63' lang='lat' dir='ltr'>prepara</span> <span class='ocrx_word' id='word_1_211' title='bbox 674 3065 706 3126; x_wconf 90' lang='lat' dir='ltr'>et</span> <span class='ocrx_word' id='word_1_212' title='bbox 728 3058 915 3130; x_wconf 74' lang='grc' dir='ltr'><em>διδάσκαλος</em></span> <span class='ocrx_word' id='word_1_213' title='bbox 937 3064 1013 3126; x_wconf 90' lang='lat' dir='ltr'>sunt</span> <span class='ocrx_word' id='word_1_214' title='bbox 1033 3061 1187 3144; x_wconf 90' lang='lat' dir='ltr'>perpetui.</span> <span class='ocrx_word' id='word_1_215' title='bbox 1241 3059 1304 3127; x_wconf 89' lang='lat' dir='ltr'>Sed</span> <span class='ocrx_word' id='word_1_216' title='bbox 1336 3059 1400 3126; x_wconf 90' lang='lat' dir='ltr'>iam</span> <span class='ocrx_word' id='word_1_217' title='bbox 1431 3060 1464 3126; x_wconf 94' lang='lat' dir='ltr'>in</span> <span class='ocrx_word' id='word_1_218' title='bbox 1489 3059 1538 3126; x_wconf 90' lang='lat' dir='ltr'>tit</span> 
     </span>
    </p>
   </div>
   <div class='ocr_carea' id='block_1_6' title="bbox 311 3169 1542 4716">
    <p class='ocr_par' dir='ltr' id='par_1_7' title="bbox 311 3169 1542 4262">
     <span class='ocr_line' id='line_1_25' title="bbox 315 3169 1541 3256; baseline 0.003 -21"><span class='ocrx_word' id='word_1_219' title='bbox 315 3169 378 3238; x_wconf 82' lang='grc' dir='ltr'>Φιλ.</span> <span class='ocrx_word' id='word_1_220' title='bbox 402 3171 462 3252; x_wconf 90' lang='grc' dir='ltr'>ΙΙΙ,</span> <span class='ocrx_word' id='word_1_221' title='bbox 486 3176 557 3253; x_wconf 83' lang='grc'>356,</span> <span class='ocrx_word' id='word_1_222' title='bbox 580 3172 666 3256; x_wconf 91' lang='lat' dir='ltr'>quod</span> <span class='ocrx_word' id='word_1_223' title='bbox 695 3170 920 3254; x_wconf 82' lang='lat' dir='ltr'>fragmentum,</span> <span class='ocrx_word' id='word_1_224' title='bbox 949 3171 1091 3254; x_wconf 89' lang='lat' dir='ltr'>quamvis</span> <span class='ocrx_word' id='word_1_225' title='bbox 1118 3190 1220 3254; x_wconf 90' lang='lat' dir='ltr'>neque</span> <span class='ocrx_word' id='word_1_226' title='bbox 1252 3171 1411 3239; x_wconf 87' lang='lat' dir='ltr'>archontis</span> <span class='ocrx_word' id='word_1_227' title='bbox 1439 3190 1541 3256; x_wconf 90' lang='lat' dir='ltr'>neque</span> 
     </span>
     <span class='ocr_line' id='line_1_26' title="bbox 313 3282 1539 3366; baseline -0.002 -14"><span class='ocrx_word' id='word_1_228' title='bbox 313 3287 471 3352; x_wconf 85' lang='lat' dir='ltr'>cosmetae</span> <span class='ocrx_word' id='word_1_229' title='bbox 492 3301 594 3364; x_wconf 88' lang='lat' dir='ltr'>neque</span> <span class='ocrx_word' id='word_1_230' title='bbox 617 3283 751 3366; x_wconf 89' lang='lat' dir='ltr'>denique</span> <span class='ocrx_word' id='word_1_231' title='bbox 772 3282 977 3366; x_wconf 88' lang='lat' dir='ltr'>paedotribae</span> <span class='ocrx_word' id='word_1_232' title='bbox 998 3301 1112 3348; x_wconf 91' lang='lat' dir='ltr'>nomen</span> <span class='ocrx_word' id='word_1_233' title='bbox 1134 3286 1293 3348; x_wconf 86' lang='lat' dir='ltr'>servatum</span> <span class='ocrx_word' id='word_1_234' title='bbox 1309 3284 1359 3365; x_wconf 90' lang='lat' dir='ltr'>sit,</span> <span class='ocrx_word' id='word_1_235' title='bbox 1382 3283 1422 3349; x_wconf 92' lang='lat' dir='ltr'>ad</span> <span class='ocrx_word' id='word_1_236' title='bbox 1437 3282 1539 3349; x_wconf 88' lang='lat' dir='ltr'>Teles-</span> 
     </span>
     <span class='ocr_line' id='line_1_27' title="bbox 311 3392 1536 3479; baseline 0.001 -18"><span class='ocrx_word' id='word_1_237' title='bbox 311 3395 403 3478; x_wconf 89' lang='lat' dir='ltr'>phori</span> <span class='ocrx_word' id='word_1_238' title='bbox 423 3395 628 3479; x_wconf 88' lang='lat' dir='ltr'>paedotribae</span> <span class='ocrx_word' id='word_1_239' title='bbox 650 3399 773 3478; x_wconf 87' lang='lat' dir='ltr'>tempus</span> <span class='ocrx_word' id='word_1_240' title='bbox 795 3393 929 3478; x_wconf 90' lang='lat' dir='ltr'>ideoque</span> <span class='ocrx_word' id='word_1_241' title='bbox 951 3393 992 3460; x_wconf 89' lang='lat' dir='ltr'>ad</span> <span class='ocrx_word' id='word_1_242' title='bbox 1015 3392 1196 3461; x_wconf 74' lang='lat' dir='ltr'>caracallae</span> <span class='ocrx_word' id='word_1_243' title='bbox 1217 3398 1354 3462; x_wconf 88' lang='lat' dir='ltr'>aetatem</span> <span class='ocrx_word' id='word_1_244' title='bbox 1376 3395 1536 3478; x_wconf 91' lang='lat' dir='ltr'>pertinere</span> 
     </span>
     <span class='ocr_line' id='line_1_28' title="bbox 314 3505 1538 3592; baseline -0.003 -18"><span class='ocrx_word' id='word_1_245' title='bbox 314 3509 427 3576; x_wconf 92' lang='lat' dir='ltr'>docent</span> <span class='ocrx_word' id='word_1_246' title='bbox 448 3509 577 3576; x_wconf 87' lang='lat' dir='ltr'>nomina</span> <span class='ocrx_word' id='word_1_247' title='bbox 599 3512 839 3592; x_wconf 90' lang='lat' dir='ltr'>praeceptorum</span> <span class='ocrx_word' id='word_1_248' title='bbox 861 3505 1058 3588; x_wconf 88' lang='lat' dir='ltr'>quorundam</span> <span class='ocrx_word' id='word_1_249' title='bbox 1087 3505 1373 3588; x_wconf 87' lang='lat' dir='ltr'>ministrorumque,</span> <span class='ocrx_word' id='word_1_250' title='bbox 1395 3523 1477 3588; x_wconf 89' lang='lat' dir='ltr'>quae</span> <span class='ocrx_word' id='word_1_251' title='bbox 1505 3505 1538 3570; x_wconf 92' lang='lat' dir='ltr'>in</span> 
     </span>
     <span class='ocr_line' id='line_1_29' title="bbox 313 3616 1542 3702; baseline -0.003 -15"><span class='ocrx_word' id='word_1_252' title='bbox 313 3621 384 3688; x_wconf 89' lang='lat' dir='ltr'>aliis</span> <span class='ocrx_word' id='word_1_253' title='bbox 406 3619 506 3687; x_wconf 88' lang='lat' dir='ltr'>titulis</span> <span class='ocrx_word' id='word_1_254' title='bbox 529 3621 589 3687; x_wconf 91' lang='lat' dir='ltr'>sub</span> <span class='ocrx_word' id='word_1_255' title='bbox 611 3619 796 3702; x_wconf 88' lang='lat' dir='ltr'>paedotriba</span> <span class='ocrx_word' id='word_1_256' title='bbox 810 3618 1000 3700; x_wconf 87' lang='lat' dir='ltr'>Telesphoro</span> <span class='ocrx_word' id='word_1_257' title='bbox 1016 3616 1141 3700; x_wconf 89' lang='lat' dir='ltr'>scriptis</span> <span class='ocrx_word' id='word_1_258' title='bbox 1165 3617 1305 3698; x_wconf 89' lang='lat' dir='ltr'>redeant,</span> <span class='ocrx_word' id='word_1_259' title='bbox 1326 3617 1371 3684; x_wconf 91' lang='lat' dir='ltr'>ibi</span> <span class='ocrx_word' id='word_1_260' title='bbox 1391 3617 1452 3698; x_wconf 92' lang='lat' dir='ltr'>aio,</span> <span class='ocrx_word' id='word_1_261' title='bbox 1479 3617 1542 3683; x_wconf 87' lang='lat' dir='ltr'>iarn</span> 
     </span>
     <span class='ocr_line' id='line_1_30' title="bbox 312 3721 1537 3822; baseline -0.002 -27"><span class='ocrx_word' id='word_1_262' title='bbox 312 3725 502 3822; x_wconf 75' lang='grc' dir='ltr'><em>ὁπλομάχος,</em></span> <span class='ocrx_word' id='word_1_263' title='bbox 536 3730 810 3820; x_wconf 76' lang='grc' dir='ltr'><em>ὑποπαιὸοτρίβης,</em></span> <span class='ocrx_word' id='word_1_264' title='bbox 839 3729 1036 3805; x_wconf 75' lang='grc' dir='ltr'><em>διδάσκαλος,</em></span> <span class='ocrx_word' id='word_1_265' title='bbox 1065 3721 1083 3790; x_wconf 87' lang='grc' dir='ltr'>ὁ</span> <span class='ocrx_word' id='word_1_266' title='bbox 1108 3728 1157 3792; x_wconf 77' lang='grc' dir='ltr'>ἐπὶ</span> <span class='ocrx_word' id='word_1_267' title='bbox 1178 3727 1341 3815; x_wconf 64' lang='grc' dir='ltr'><em>Διογενείῳ</em></span> <span class='ocrx_word' id='word_1_268' title='bbox 1356 3729 1489 3795; x_wconf 86' lang='lat' dir='ltr'>audiunt</span> <span class='ocrx_word' id='word_1_269' title='bbox 1509 3729 1537 3792; x_wconf 77' lang='grc' dir='ltr'>οἳ</span> 
     </span>
     <span class='ocr_line' id='line_1_31' title="bbox 315 3839 1536 3927; baseline 0.003 -25"><span class='ocrx_word' id='word_1_270' title='bbox 315 3842 515 3927; x_wconf 68' lang='lat' dir='ltr'>»decipitne«</span> <span class='ocrx_word' id='word_1_271' title='bbox 561 3843 703 3927; x_wconf 89' lang='lat' dir='ltr'>Denique</span> <span class='ocrx_word' id='word_1_272' title='bbox 733 3843 878 3910; x_wconf 80' lang='lat' dir='ltr'>Cratonis</span> <span class='ocrx_word' id='word_1_273' title='bbox 912 3842 1037 3908; x_wconf 94' lang='lat' dir='ltr'>demum</span> <span class='ocrx_word' id='word_1_274' title='bbox 1069 3840 1272 3924; x_wconf 78' lang='lat' dir='ltr'>paedotribae</span> <span class='ocrx_word' id='word_1_275' title='bbox 1299 3842 1320 3906; x_wconf 88' lang='lat' dir='ltr'>i.</span> <span class='ocrx_word' id='word_1_276' title='bbox 1349 3860 1376 3906; x_wconf 90' lang='lat' dir='ltr'>e.</span> <span class='ocrx_word' id='word_1_277' title='bbox 1401 3839 1536 3906; x_wconf 83' lang='lat' dir='ltr'>Gordia·</span> 
     </span>
     <span class='ocr_line' id='line_1_32' title="bbox 311 3951 1534 4036; baseline -0.003 -15"><span class='ocrx_word' id='word_1_278' title='bbox 311 3973 424 4022; x_wconf 91' lang='lat' dir='ltr'>norum</span> <span class='ocrx_word' id='word_1_279' title='bbox 445 3955 511 4022; x_wconf 88' lang='lat' dir='ltr'>iere</span> <span class='ocrx_word' id='word_1_280' title='bbox 535 3959 639 4022; x_wconf 89' lang='lat' dir='ltr'>aetate</span> <span class='ocrx_word' id='word_1_281' title='bbox 655 3955 780 4022; x_wconf 92' lang='lat' dir='ltr'>omnino</span> <span class='ocrx_word' id='word_1_282' title='bbox 799 3971 907 4021; x_wconf 91' lang='lat' dir='ltr'>omnes</span> <span class='ocrx_word' id='word_1_283' title='bbox 929 3953 1133 4036; x_wconf 81' lang='lat' dir='ltr'>magistratus</span> <span class='ocrx_word' id='word_1_284' title='bbox 1155 3959 1376 4036; x_wconf 89' lang='lat' dir='ltr'>praeceptores</span> <span class='ocrx_word' id='word_1_285' title='bbox 1399 3951 1534 4018; x_wconf 91' lang='lat' dir='ltr'>ministri</span> 
     </span>
     <span class='ocr_line' id='line_1_33' title="bbox 312 4061 1533 4153; baseline -0.006 -21"><span class='ocrx_word' id='word_1_286' title='bbox 312 4070 388 4133; x_wconf 87' lang='lat' dir='ltr'>sunt</span> <span class='ocrx_word' id='word_1_287' title='bbox 409 4067 564 4153; x_wconf 88' lang='lat' dir='ltr'>perpetui.</span> <span class='ocrx_word' id='word_1_288' title='bbox 611 4065 741 4149; x_wconf 89' lang='lat' dir='ltr'>Semper</span> <span class='ocrx_word' id='word_1_289' title='bbox 762 4066 845 4132; x_wconf 90' lang='lat' dir='ltr'>enim</span> <span class='ocrx_word' id='word_1_290' title='bbox 867 4065 912 4132; x_wconf 91' lang='lat' dir='ltr'>eis</span> <span class='ocrx_word' id='word_1_291' title='bbox 934 4065 1182 4148; x_wconf 88' lang='lat' dir='ltr'>superscriptum</span> <span class='ocrx_word' id='word_1_292' title='bbox 1204 4068 1262 4146; x_wconf 90' lang='lat' dir='ltr'>est,</span> <span class='ocrx_word' id='word_1_293' title='bbox 1287 4065 1334 4128; x_wconf 75' lang='lat' dir='ltr'>»ot</span> <span class='ocrx_word' id='word_1_294' title='bbox 1357 4063 1408 4128; x_wconf 75' lang='lat' dir='ltr'>ded</span> <span class='ocrx_word' id='word_1_295' title='bbox 1429 4061 1533 4148; x_wconf 67' lang='lat' dir='ltr'>,licus</span> 
     </span>
     <span class='ocr_line' id='line_1_34' title="bbox 314 4176 877 4262; baseline -0.002 -18"><span class='ocrx_word' id='word_1_296' title='bbox 314 4176 877 4262; x_wconf 51' lang='lat' dir='ltr'>fflstfflfflmm—</span> 
     </span>
    </p>

    <p class='ocr_par' dir='ltr' id='par_1_8' title="bbox 312 4287 1540 4716">
     <span class='ocr_line' id='line_1_35' title="bbox 398 4287 1539 4373; baseline -0.004 -16"><span class='ocrx_word' id='word_1_297' title='bbox 398 4291 459 4370; x_wconf 82' lang='lat' dir='ltr'>Qui</span> <span class='ocrx_word' id='word_1_298' title='bbox 498 4295 607 4357; x_wconf 89' lang='lat' dir='ltr'>nostra</span> <span class='ocrx_word' id='word_1_299' title='bbox 646 4291 678 4356; x_wconf 93' lang='lat' dir='ltr'>in</span> <span class='ocrx_word' id='word_1_300' title='bbox 717 4288 920 4373; x_wconf 88' lang='lat' dir='ltr'>inscriptione</span> <span class='ocrx_word' id='word_1_301' title='bbox 941 4287 999 4373; x_wconf 88' lang='lat' dir='ltr'>(vs.</span> <span class='ocrx_word' id='word_1_302' title='bbox 1031 4292 1060 4354; x_wconf 87' lang='lat'>5.</span> <span class='ocrx_word' id='word_1_303' title='bbox 1094 4292 1126 4367; x_wconf 87' lang='grc'>6)</span> <span class='ocrx_word' id='word_1_304' title='bbox 1161 4291 1321 4371; x_wconf 89' lang='lat' dir='ltr'>comparet</span> <span class='ocrx_word' id='word_1_305' title='bbox 1352 4287 1539 4371; x_wconf 91' lang='lat' dir='ltr'>paedotriba</span> 
     </span>
     <span class='ocr_line' id='line_1_36' title="bbox 312 4397 1535 4474; baseline -0.004 -6"><span class='ocrx_word' id='word_1_306' title='bbox 312 4401 512 4468; x_wconf 84' lang='lat' dir='ltr'>Nicostratus</span> <span class='ocrx_word' id='word_1_307' title='bbox 533 4401 635 4468; x_wconf 88' lang='lat' dir='ltr'>Hilari</span> <span class='ocrx_word' id='word_1_308' title='bbox 657 4399 739 4467; x_wconf 92' lang='lat' dir='ltr'>filius</span> <span class='ocrx_word' id='word_1_309' title='bbox 759 4400 954 4468; x_wconf 86' lang='lat' dir='ltr'>Pellenensis</span> <span class='ocrx_word' id='word_1_310' title='bbox 983 4399 1141 4466; x_wconf 87' lang='lat' dir='ltr'>invenitur</span> <span class='ocrx_word' id='word_1_311' title='bbox 1170 4399 1266 4466; x_wconf 90' lang='lat' dir='ltr'>etiam</span> <span class='ocrx_word' id='word_1_312' title='bbox 1295 4399 1327 4464; x_wconf 93' lang='lat' dir='ltr'>in</span> <span class='ocrx_word' id='word_1_313' title='bbox 1350 4397 1384 4465; x_wconf 81' lang='grc' dir='ltr'>(Ι.</span> <span class='ocrx_word' id='word_1_314' title='bbox 1408 4399 1433 4464; x_wconf 95' lang='grc' dir='ltr'>Ι.</span> <span class='ocrx_word' id='word_1_315' title='bbox 1448 4403 1535 4474; x_wconf 77' lang='grc' dir='ltr'>,286ς</span> 
     </span>
     <span class='ocr_line' id='line_1_37' title="bbox 316 4504 1540 4601; baseline -0.007 -19"><span class='ocrx_word' id='word_1_316' title='bbox 316 4515 361 4584; x_wconf 88' lang='lat' dir='ltr'>ibi</span> <span class='ocrx_word' id='word_1_317' title='bbox 385 4514 466 4583; x_wconf 81' lang='lat' dir='ltr'>enim</span> <span class='ocrx_word' id='word_1_318' title='bbox 488 4519 537 4582; x_wconf 81' lang='lat' dir='ltr'>est</span> <span class='ocrx_word' id='word_1_319' title='bbox 551 4513 780 4582; x_wconf 81' lang='lat' dir='ltr'>restituendum</span> <span class='ocrx_word' id='word_1_320' title='bbox 804 4511 1082 4601; x_wconf 77' lang='grc' dir='ltr'><em>πατδοτριβοῢντος</em></span> <span class='ocrx_word' id='word_1_321' title='bbox 1104 4509 1327 4597; x_wconf 75' lang='grc' dir='ltr'><em>Μκοστ]ροίτοο</em></span> <span class='ocrx_word' id='word_1_322' title='bbox 1350 4512 1403 4574; x_wconf 80' lang='grc' dir='ltr'>τοῦ</span> <span class='ocrx_word' id='word_1_323' title='bbox 1421 4504 1540 4596; x_wconf 86' lang='grc' dir='ltr'><em>Ἱλάροο</em></span> 
     </span>
     <span class='ocr_line' id='line_1_38' title="bbox 312 4607 1538 4716; baseline -0.003 -25"><span class='ocrx_word' id='word_1_324' title='bbox 312 4625 509 4716; x_wconf 77' lang='grc' dir='ltr'><em>Παλληνέως,</em></span> <span class='ocrx_word' id='word_1_325' title='bbox 532 4645 595 4694; x_wconf 88' lang='lat' dir='ltr'>non</span> <span class='ocrx_word' id='word_1_326' title='bbox 617 4607 863 4714; x_wconf 80' lang='grc' dir='ltr'><em>κοσμητεύοντος</em></span> <span class='ocrx_word' id='word_1_327' title='bbox 884 4625 953 4707; x_wconf 85' lang='grc' dir='ltr'><em>κτλ,</em></span> <span class='ocrx_word' id='word_1_328' title='bbox 977 4623 1061 4708; x_wconf 89' lang='lat' dir='ltr'>quod</span> <span class='ocrx_word' id='word_1_329' title='bbox 1083 4621 1263 4690; x_wconf 86' lang='lat' dir='ltr'>Boeckhius</span> <span class='ocrx_word' id='word_1_330' title='bbox 1285 4622 1395 4691; x_wconf 86' lang='lat' dir='ltr'>voluit.</span> <span class='ocrx_word' id='word_1_331' title='bbox 1449 4621 1538 4690; x_wconf 81' lang='lat' dir='ltr'>Idem</span> 
     </span>
    </p>
   </div>
   <div class='ocr_carea' id='block_1_7' title="bbox 0 0 1717 5340">
    <p class='ocr_par' dir='ltr' id='par_1_9' title="bbox 0 0 1717 5340">
     <span class='ocr_line' id='line_1_39' title="bbox 0 0 1717 5340; baseline 0 0"><span class='ocrx_word' id='word_1_332' title='bbox 0 0 1717 5340; x_wconf 95' lang='lat' dir='ltr'> </span> 
     </span>
    </p>
   </div>
  </div>
 </body>
</html>
