3418 5340
709 392 918 456 -9..

202 579 322 661 moniis,
345 585 413 646 tum
435 578 593 662 temporis,
617 594 679 659 quo
700 577 851 658 ephebiae
872 594 973 642 annus
988 594 1008 642 a
1023 575 1250 643 Boouromione
1264 574 1426 658 inceperit,

204 691 326 757 civilem
354 709 472 756 annum
520 693 606 756 certo
644 707 706 755 non
746 688 786 755 ab
817 687 1044 756 Botdromione
1090 687 1250 754 exordium
1282 688 1425 756 traxisse.

203 802 266 870 Sed
298 801 357 868 hoe
398 819 481 868 nune
517 799 643 883 quidem
675 797 883 866 demonstrari
914 802 1028 880 potest.
1083 798 1235 881 Ephebiei
1274 799 1356 868 enim
1388 799 1428 866 ti·

201 913 270 992 tuli,
293 912 348 996 qui
368 913 409 978 ad
432 911 565 978 alteram
586 910 679 993 primi
700 927 729 976 a.
752 907 825 974 Chr.
848 909 966 976 saeculi
987 912 1109 990 partem
1128 914 1272 992 spectant
1304 908 1382 993 (ou.
1399 911 1425 979 Ι.

201 1027 274 1104 post
294 1041 366 1106 pag.
390 1027 440 1104 56,
475 1024 490 1086 1
516 1039 560 1089 VS.
586 1026 613 1102 1,
641 1026 676 1086 2:
706 1018 754 1086 ἐπὶ
790 1024 845 1109 τῆς
872 1019 1031 1091 Αἰαντίδος
1064 1019 1199 1109 τρίτης
1232 1020 1426 1108 πρυτανείας,

201 1133 518 1222 Βοηδρομιῶνος
541 1133 667 1221 τετράδι
688 1131 736 1197 ἐπὶ
758 1131 843 1198 δέκα.
865 1168 909 1180 -
951 1133 1005 1202 Vl.
1029 1135 1083 1197 64:
1115 1129 1163 1196 ἐπὶ
1185 1135 1241 1220 τῆς
1269 1131 1428 1206 Αἰαντίδος

201 1238 386 1332 ἑβδόμης
407 1244 601 1332 πρυτανείας,
625 1243 881 1332 Γαμηλιῶνος
909 1235 1070 1332 ἑνδεκάτη.
1093 1281 1134 1292 -
1180 1243 1227 1309 Cf.
1258 1263 1287 1310 v.
1312 1243 1362 1309 73.
1384 1279 1427 1292 ·-

202 1355 218 1420 1
240 1360 312 1436 post
333 1374 404 1440 pag.
429 1361 478 1424 56.
501 1376 550 1424 no.
574 1361 603 1422 2.
622 1373 672 1422 no.
697 1360 725 1422 3.
749 1359 885 1438 -post
907 1373 978 1438 pag.
1003 1360 1044 1422 90
1061 1374 1111 1422 no.
1130 1360 1164 1432 43
1186 1338 1259 1439 post
1275 1374 1346 1439 pag.
1364 1359 1426 1422 288

202 1483 252 1534 no.
278 1472 305 1532 5.
330 1467 385 1548 -)
409 1468 523 1536 docent
543 1467 709 1552 perspicue
731 1471 799 1534 tum
821 1467 971 1550 temporis
993 1465 1115 1534 civilem
1138 1485 1254 1534 annum
1271 1467 1314 1548 ab
1327 1467 1427 1534 Heca·

202 1578 388 1646 tombaeone
409 1579 534 1646 initium
562 1579 691 1660 cepisse.
714 1615 755 1626 —
799 1578 942 1660 Denique
971 1584 1118 1648 constans
1145 1579 1178 1646 in
1208 1580 1276 1662 ejus
1303 1577 1427 1662 generis

202 1688 353 1770 catalogis
375 1690 529 1756 mensium
551 1690 641 1756 sedes
664 1693 761 1773 atque
782 1688 858 1756 ordo
879 1689 967 1758 hiere
989 1693 1053 1756 est:

427 1792 496 1884 ’(3)
519 1799 728 1888 Βοηδρομιών

345 1977 347 1984 ,
450 1912 494 1994 (4)
517 1909 710 1996 Πυανοφιαίν.

449 2022 497 2105 (5)
521 2022 762 2110 Μαιμακτηριαίν

450 2135 496 2218 (6)
518 2132 698 2200 Ποαειδεαίν

246 2296 430 2364 embolimus
489 2245 704 2330 Ποσειδεώνβ

372 2409 379 2422 .
572 2362 629 2424 aut

281 2427 398 2476 ΜΒ
484 2467 665 2557 ἰορωμαι
694 2471 890 2555 ιιιμιιηιι
911 2471 952 2538 au
973 2469 1136 2538 narsus

450 2579 500 2670 (7)
524 2579 553 2646 Γ
547 2582 687 2671 αμηλιών

450 2690 498 2779 (8)
520 2690 745 2783 Ἀνδεοτηριιίιν

448 2806 495 2888 (9)
512 2801 749 2892 Ἐλαφηβολιών

428 2915 495 3003 (10)
520 2915 691 3005 Μουνιχιών

428 3027 497 3110 (ll)
523 3025 704 3114 Oapypiruir

429 3139 497 3220 (12)
519 3136 739 3226 Σκιροφοριών

449 3251 496 3334 (1)
513 3247 747 3335 Ἑίιατομβαιών

450 3359 497 3447 (2)
521 3361 747 3446 Μεταγειτνιών

223 3541 227 3551 ,
286 3472 727 3556 'tituliquibushiemensium
739 3475 815 3542 ordo
827 3475 999 3558 exhibetur,
1009 3477 1168 3561 pertinent
1180 3476 1253 3544 inde
1266 3478 1306 3544 ab
1318 3496 1347 3543 a.
1363 3477 1421 3544 111

200 3601 231 3664 p.
255 3581 328 3648 Chr.
352 3579 432 3670 (ocu
456 3583 515 3648 ΙΙΙ.
534 3587 604 3662 350,
630 3588 661 3660 1)
683 3602 783 3668 usque
805 3587 844 3652 ad
862 3585 1091 3654 Gordianorum
1107 3592 1249 3670 tempora
1270 3586 1350 3671 (our.
1371 3589 1425 3656 IV.

202 3697 274 3774 168,
297 3695 337 3776 3).
383 3693 460 3760 Inde
482 3712 539 3774 per
566 3699 668 3760 totum
695 3695 754 3763 hoe
784 3701 907 3780 tempus
941 3699 1094 3766 mensium
1126 3699 1233 3766 sedem
1264 3717 1425 3781 nunquam

200 3821 269 3870 esso
290 3803 487 3870 immutatam
510 3807 720 3888 cognoscitur.

329 3915 405 3981 Col.
429 3915 470 3982 11.

293 4026 344 4094 1⁷⁸·
369 4031 397 4093 2·
435 4025 641 4118 Ἐρεχθεΐδας,
665 4030 741 4096 item
763 4049 807 4097 VS·
830 4031 850 4097 8
872 4031 1020 4115 Αἰγεΐδαι.
1065 4033 1102 4099 In
1131 4033 1271 4100 tribuum
1293 4033 1424 4099 nomini·
1554 4063 1557 4067 ·

199 4138 258 4204 bus
280 4141 521 4207 terminatio-
544 4139 628 4212 εΐδος
649 4147 795 4210 constans
825 4149 874 4210 est
895 4145 1119 4228 imperatorum
1149 4149 1268 4219 aetate3
1303 4145 1423 4212 eunetis

200 4249 302 4316 titulis
336 4251 519 4333 exhibetur,
550 4271 613 4318 uno
635 4258 765 4337 excepto
794 4255 842 4321 tit.
870 4252 935 4319 Φιλ.
959 4256 984 4333 Ι,
1008 4261 1080 4337 384,
1103 4261 1123 4321 4
1146 4262 1188 4335 (a.
1214 4261 1273 4322 156
1296 4277 1326 4340 p.
1350 4255 1422 4324 Ohr.

199 4361 340 4447 scripto),
369 4363 424 4430 ubi
459 4364 623 4431 etiamtum
663 4366 812 4434 scribitur
844 4365 1057 4458 Ἐρεχθηίδος,
1093 4365 1241 4456 θίνηίδος,
1271 4367 1422 4456 Αἰγηίδος.
1480 4407 1484 4412 -

199 4472 238 4538 In
259 4475 372 4541 ueteris
394 4475 534 4542 tribuum
548 4477 728 4545 nominibus
743 4478 899 4546 scribendi
920 4479 1001 4546 ratio
1018 4479 1135 4546 uariat:
1158 4478 1316 4546 inuenitur
1330 4479 1424 4546 modo

199 4581 405 4668 Πανδιονίδος
432 4587 525 4654 modo
552 4585 788 4665 Πανδειονίδος;
822 4608 905 4658 nuno
935 4588 1111 4663 Λεοντίδος
1137 4609 1221 4660 nuno
1247 4589 1415 4662 Λεοντίδος
