3436 5326
692 374 923 436 —149-

300 551 489 625 Διόδοτος
511 557 528 618 ὁ
552 551 629 620 Ἀντ
643 607 769 624 ......
792 559 1004 650 Κριοπίδης

371 719 413 774 53.
485 699 581 786 Oorp.
605 701 704 769 [οιτον.
729 707 804 769 266.

563 815 654 880 Aich.
679 815 896 902 ,λΙητρύύιυρυς

454 991 456 1002 ,
562 926 663 992 Cosm.
688 926 937 1015 Διονυσόδωρος)
963 929 1082 1001 Φλυεύς

298 1083 510 1172 ΙΙύρφιλος.
555 1091 685 1176 Ερλουι.
710 1093 794 1159 arch.
818 1097 896 1160 640.

375 1249 417 1306 55.
456 1223 460 1302 i
567 1239 659 1306 Arch.
682 1237 924 1328 Kniicaparr'cipc

565 1348 667 1416 Cosm.
693 1348 888 1439 Νικοσύένης.

291 1511 473 1600 Ἀρίστων
491 1511 746 1600 Ἀφροδισίου
764 1510 1030 1598 Ῥαμνούσιος

373 1663 414 1716 61·
482 1659 649 1740 th‘le'stor,
672 1659 731 1742 IV,
756 1661 827 1726 332.

562 1773 654 1839 Arch.
681 1772 862 1859 Θράσυλλος

563 1884 665 1952 Cosm.
685 1882 856 1974 Ἐπίκτητος
874 1881 1048 1973 Ἐπικτήτου
1074 1886 1250 1976 Εύπυρίύρς

289 2051 537 2129 Ἀπολλώνιος
557 2059 575 2122 6
598 2059 759 2145 τέρτιος
778 2057 1004 2128 Παιανιεύς

307 2201 372 2252 circa
390 2219 413 2252 ⁸·
479 2201 637 2266 Pha'lc'otor
659 2201 686 2282 I,
711 2205 785 2268 628.

312 2331 413 2387 70-80
560 2315 652 2381 Arch.
679 2314 845 2378 Αἷυλίιυν.

560 2425 662 2491 Cosm.
686 2425 862 2512 Δημήτριος
884 2424 1040 2514 Σφήττιος

478 2539 525 2603 Ex
548 2539 726 2604 coniectura
747 2538 808 2604 huc
830 2538 929 2620 posui.
975 2537 1095 2603 Nomen
1118 2537 1244 2600 Αἰολέων
1267 2557 1338 2603 cnm
1366 2539 1418 2603 aci-

477 2649 603 2716 modum
619 2665 690 2714 nano
706 2654 859 2730 occurrat,
874 2649 967 2714 immo
983 2649 1062 2715 adeo
1077 2669 1148 2714 raro
1164 2654 1201 2740 ut
1214 2650 1273 2716 hoc
1288 2649 1355 2715 loco
1371 2669 1420 2716 ex-

475 2767 565 2845 cepto
585 2762 685 2828 sotum
705 2761 737 2826 in
756 2761 803 2826 tit.
825 2761 859 2827 C.
881 2761 904 2826 I.
922 2763 983 2826 266
1005 2759 1102 2847 (anno
1122 2765 1161 2826 53
1184 2759 1314 2842 scripto)
1337 2762 1421 2826 inve-

471 2875 591 2953 niatur,
620 2873 762 2954 suspicor
790 2891 861 2938 eum
889 2871 943 2951 qui
966 2871 1008 2936 ibi
1037 2871 1119 2936 inter
1149 2871 1285 2953 ephebos
1314 2890 1420 2938 recen-

470 2991 558 3052 setur
591 2983 730 3066 (Αἶυλίιυν
763 2979 965 3068 Ἀντιπάτρου
1002 2981 1132 3064 Φλυεύς)
1168 3001 1229 3047 non
1263 2983 1418 3048 diversum

473 3115 542 3164 esse
564 3097 604 3162 ah
632 3096 690 3161 hoc
711 3095 869 3160 archonte.
915 3093 1005 3174 Quod
1028 3095 1054 3160 si
1078 3113 1187 3162 verum
1206 3094 1261 3177 sit,
1291 3093 1356 3162 fere
1379 3099 1419 3160 20

443 3152 447 3295 λ
472 3225 572 3274 annos
594 3208 761 3274 intereotos
785 3223 853 3273 csse
875 3209 1031 3289 oporteat.

286 3370 442 3460 [Ζῆθος.
490 3369 709 3456 Oorp.'Inacr.
733 3370 806 3434 287.

397 3538 410 3586 1
557 3517 649 3582 Arch.
671 3513 799 3585 Λούκιος

553 3626 658 3718 Com.
682 3623 832 3715 Ἀντίοχος

473 3740 568 3821 Lapis
592 3740 619 3804 si
640 3757 752 3804 revere
773 3743 822 3803 est
844 3738 950 3803 Attica
971 3737 1105 3819 origine,
1130 3737 1215 3819 qnod
1237 3737 1339 3803 adhuc
1362 3738 1416 3802 du-

471 3852 547 3931 bito,
570 3849 687 3914 nullam
711 3849 742 3912 in
765 3852 900 3914 aetatem
923 3854 1028 3930 potest
1048 3849 1187 3914 incidere
1209 3849 1268 3913 nisi
1291 3849 1324 3912 in
1347 3868 1415 3915 eam

470 3981 551 4046 quae
573 3961 745 4043 praecessit
767 3961 958 4043 paedotribis
980 3961 1140 4027 Demetrio
1164 3961 1296 4044 Isigenis
1318 3959 1359 4025 fil.
1384 3965 1416 4026 et

470 4072 610 4139 Aristoni
632 4059 811 4153 Aphrodisii
834 4054 876 4137 fii.
922 4071 1017 4138 rem
1038 4072 1166 4139 nasitus
1187 4073 1306 4139 ουτοι
1330 4077 1415 4139 aeta-

468 4189 532 4248 tem
554 4201 635 4264 quae
657 4182 714 4248 tuit
740 4188 813 4248 ante
835 4183 1040 4248 Hadrianum.

266 4347 333 4412 Iam
356 4349 584 4431 quinquaginta
615 4346 680 4413 iere
712 4367 864 4413 annorum
894 4347 1030 4430 spatium
1060 4347 1176 4425 titulis,
1206 4349 1260 4432 qui
1288 4348 1414 4427 quidem

179 4458 219 4522 ad
242 4458 379 4540 ephebos
401 4464 553 4541 spectent,
577 4464 677 4539 vacat,
706 4458 813 4539 itaque
836 4459 912 4524 setis
936 4458 1056 4541 amplus
1079 4459 1334 4544 paedotribarum
1357 4478 1413 4526 nu-

178 4588 284 4636 merus
313 4569 519 4639 desideratur.
