3418 5340
371 1709 434 1804 AD
462 1711 589 1806 CORP.
618 1711 830 1807 INSCRIPT.
858 1710 928 1805 GR.
962 1705 1020 1804 ΝΟ·
1041 1715 1119 1796 281.

664 1865 706 1932 (ar.
725 1864 777 1916 aa.
796 1864 829 1930 r.)

128 2109 176 2224 ln
198 2152 233 2220 0.
257 2154 281 2219 I.
305 2152 361 2219 Gr.
389 2172 420 2218 n.
445 2157 504 2218 281
541 2153 706 2220 exhibetur
737 2153 822 2218 tituli
849 2152 1060 2236 fragmentum
1088 2153 1256 2220 admodum
1292 2174 1360 2222 mu·

129 2263 237 2342 tilam,
260 2265 314 2347 qui
336 2261 376 2330 ad
399 2264 589 2347 epheborum
613 2282 664 2330 res
686 2265 832 2345 pertinet.
878 2263 975 2330 Cuius
997 2263 1110 2348 lapidis
1132 2283 1204 2331 oum
1225 2265 1359 2334 altanum

130 2373 198 2440 fere
219 2373 381 2441 dimidium
404 2377 543 2458 reperire
564 2375 641 2442 mihi
663 2377 839 2460 eontigerit,
860 2377 940 2443 haut
955 2375 1064 2443 inutile
1078 2394 1148 2442 esse
1162 2381 1239 2459 puto
1255 2395 1360 2443 ernen-

133 2485 245 2551 datum
267 2487 394 2554 titulum
416 2488 467 2554 hio
488 2487 605 2570 publici
627 2489 705 2554 iuris
727 2486 847 2570 faeere,
870 2488 1057 2570 praesertim
1085 2505 1157 2554 cum
1185 2489 1253 2565 hio,
1275 2507 1359 2554 nuno

134 2595 202 2662 fere
234 2599 371 2682 integer,
403 2597 572 2680 plurimum
605 2599 710 2665 ualeat
736 2599 777 2665 ad
805 2599 937 2666 aliorum
961 2597 1108 2666 eiusdem
1135 2600 1259 2682 generis
1282 2599 1358 2666 titu-

130 2707 234 2773 lorum
267 2714 405 2775 aemtem
435 2708 652 2776 definiendam.
701 2711 737 2776 In
771 2711 880 2777 tabula
912 2709 1053 2793 titulum,
1086 2711 1292 2792 compositum
1325 2715 1359 2776 et

130 2825 285 2900 quantum
306 2819 375 2887 fieri
403 2821 508 2904 potuit
533 2822 564 2886 in
593 2823 750 2905 integrum
778 2822 976 2902 restitutum,
1006 2823 1089 2904 typis
1118 2819 1293 2903 reddimus,
1322 2825 1359 2886 ut

130 2929 199 2994 suis
221 2931 354 3014 quisque
377 2931 475 2998 oeulis
498 2932 597 3014 possit
619 2931 802 3013 diiudicare,
824 2951 886 3014 quo
909 2932 978 2998 iure
1000 2932 1078 2998 haee
1100 2931 1162 2998 duo
1183 2929 1360 3014 fragmenta

133 3039 229 3105 unius
251 3041 454 3124 eiusdemque
476 3061 546 3109 esse
568 3041 780 3126 inscriptionis
802 3043 975 3126 particulas
997 3047 1094 3127 atque
1115 3043 1195 3110 adeo
1230 3042 1358 3109 dimidia

129 3149 320 3218 dictitemus.

215 3262 346 3330 Editum
368 3270 418 3330 est
440 3263 574 3331 aiterum
595 3263 805 3348 fragmentum
829 3265 869 3331 ab
893 3263 1076 3331 Cumanude
1098 3264 1130 3330 in
1155 3261 1308 3352 Φιλίστωρ
1323 3264 1358 3331 ΙΙ

129 3392 201 3456 pag.
227 3379 289 3440 184
312 3373 364 3460 (ef.
389 3375 484 3440 etiam
507 3376 532 3456 I,
555 3380 626 3456 479,
650 3376 705 3443 ubi
733 3375 816 3442 idem
843 3374 1069 3458 fragmentum,
1097 3375 1154 3442 sed
1182 3376 1285 3441 minus
1312 3374 1358 3441 in·

131 3487 269 3568 tegrum)
292 3489 325 3550 et
347 3485 473 3568 quidem
496 3519 538 3534 ·-
560 3485 646 3567 quod
667 3486 748 3552 solet
770 3485 971 3552 Cumanudes
993 3523 1035 3533 —
1057 3485 1254 3565 minusculis,
1277 3502 1356 3569 quas

133 3600 258 3675 vocant,
285 3595 410 3662 litteris.
463 3595 659 3678 Quamquam
686 3605 757 3675 nos,
781 3599 818 3660 ut
851 3594 964 3662 melius
997 3595 1153 3676 quomodo
1190 3601 1359 3678 utrumque

130 3705 341 3788 fragmentum
363 3706 455 3772 alteri
477 3705 652 3786 cohaereat,
674 3703 730 3770 fiet
751 3705 966 3788 perspicuum,
997 3710 1030 3772 et
1057 3706 1116 3772 boe
1145 3705 1355 3786 fragmentum

130 3816 163 3881 iu
191 3817 361 3898 composito
389 3816 482 3883 titulo
512 3815 708 3883 exhibuimus
741 3815 927 3882 uncialibus.
977 3813 1220 3897 Fragment).
1245 3816 1352 3882 [281

130 3927 301 4008 repetitum
322 3928 355 3992 in
378 3927 489 3994 tabula
509 3925 753 4010 significavimus
780 3926 839 3992 litt.
863 3927 889 4007 Ι,
910 3925 1044 3992 alterurn
1067 3943 1105 3990 ex
1125 3925 1246 3991 Philist.
1270 3943 1353 3991 sum·

129 4040 218 4117 ptum
240 4037 300 4103 litt.
324 4038 366 4104 11.

217 4148 322 4232 Atque
343 4149 505 4215 inventum
527 4154 577 4214 est
597 4147 708 4230 fragm.
732 4147 774 4227 11,
800 4146 987 4214 cumanude
1008 4151 1099 4227 teste,
1115 4145 1247 4212 Athenis
1261 4164 1359 4229 prope

129 4259 291 4326 ecelesiam
314 4258 346 4325 S.
362 4259 513 4325 Demetrii
537 4259 610 4322 »τοῦ
633 4252 841 4347 Κατηφόρηα.
889 4255 1359 4342 Fragm.Iservatan10ren·

129 4369 210 4450 tiae,
238 4369 312 4436 olim
341 4370 374 4435 in
395 4369 469 4435 villa
490 4371 714 4454 Rieeardiana3
747 4371 874 4454 saepius
896 4375 956 4464 ‘est
982 4369 1112 4436 editum.
1157 4368 1216 4447 Qui
1238 4367 1357 4450 primus

56 4507 62 4512 ·
128 4479 318 4563 particulam
339 4480 465 4563 quidem
487 4468 655 4564 fragmenti
677 4481 694 4547 I
716 4481 824 4563 edidit
850 4479 1104 4547 Montfnuconius
1132 4477 1231 4558 (Dior.
1254 4478 1356 4544 Italia.

130 4608 202 4673 pag.
227 4592 303 4674 361)
329 4597 441 4658 narrat
462 4610 532 4658 esse
553 4593 643 4676 quasi
666 4591 837 4660 turriculae
858 4608 1061 4658 marmoreae.
1103 4589 1175 4655 Non
1203 4607 1261 4655 suo
1289 4589 1358 4655 iure

1184 4695 1197 4746 1
