3418 5340
694 431 906 498 ..41-

181 613 418 708 Ἀντικοαρητὴς
437 617 575 690 Πόπλιος
595 615 917 710 Αλλιος’1ο[όχρν]οος
938 616 1126 707 Παλληνεύς.
1150 655 1192 667 -
1215 617 1250 686 si
1265 637 1304 687 ex
1323 635 1414 702 prse-

188 729 306 812 scripto
327 729 402 796 licet
423 729 578 814 colligere,
601 731 713 799 titulus
736 736 786 798 est
807 749 846 798 ex
867 749 976 798 eorum
997 747 1112 813 genere
1133 731 1188 814 qui
1210 729 1334 814 publice
1347 729 1369 798 i.
1384 749 1411 798 e.

189 841 279 908 iussu
313 824 469 909 cosmetae
490 843 689 926 ponebantur
722 843 774 922 (rt
796 863 864 927 cap.
887 843 955 928 IV).
1000 843 1217 910 Huiusmodi
1249 843 1413 911 titulorum

186 952 453 1037 praescriptorum
474 952 628 1022 formulae
649 955 676 1020 si
704 973 768 1023 non
793 955 886 1040 plene
916 955 1060 1034 caedem,
1093 958 1128 1022 at
1159 955 1276 1023 similes
1308 959 1414 1024 tamen

188 1175 352 1262 ἀνέγραψε
374 1174 454 1258 (Φιλ.
476 1177 532 1254 lv,
553 1182 626 1258 458,
652 1179 694 1260 1).
717 1214 761 1226 -
803 1172 1001 1266 ὁκοορητὴτ
1030 1180 1091 1241 τῶν
1120 1175 1253 1266 ἐφήβων
1281 1175 1330 1241 ἐπὶ
1358 1175 1413 1264 ἄρ·

182 1311 299 1378 χοντος
320 1291 374 1353 τοῦ
397 1288 509 1366 deivos,
533 1287 551 1357 5
572 1289 660 1354 δεῖνα
683 1289 863 1377 ἀνέγραφεν
885 1287 964 1369 (Φιλ.
980 1288 1035 1371 IV,
1059 1292 1130 1370 344,
1148 1291 1177 1354 2.
1200 1287 1255 1370 IV,
1279 1292 1352 1366 272,
1368 1287 1413 1372 2).

188 1435 230 1448 -
254 1396 273 1467 5
294 1401 452 1490 κοορηιὴτ
474 1398 492 1469 5
514 1401 601 1466 δεῖνα
624 1401 698 1474 τοὺς
718 1396 761 1466 ἐπ’
786 1399 882 1466 αὐτοῦ
904 1399 1001 1489 ἐφηβ.
1031 1401 1086 1483 (sc.
1111 1396 1304 1486 ἀνέγραψεν)
1333 1397 1412 1480 (Φιλ.

188 1512 243 1594 lv,
267 1516 338 1594 344,
362 1514 404 1596 3).
426 1549 471 1562 -
513 1509 531 1579 5
552 1514 710 1603 κοσμητλς
731 1536 757 1580 τ.
780 1535 806 1580 ε.
830 1509 849 1580 5
870 1511 959 1576 deira
980 1510 1143 1598 ἀνέγραψε
1170 1511 1243 1582 τοὺς
1269 1511 1330 1577 κτλ.
1359 1507 1414 1597 ἅρ-

183 1645 298 1714 porro<
319 1626 373 1688 τοῦ
395 1623 498 1696 δεῖνος
519 1623 598 1712 (Φιλ.
621 1625 677 1707 IV,
701 1623 772 1707 344,
796 1624 840 1711 4).
864 1660 906 1672 -
950 1621 998 1688 ἐπὶ
1028 1625 1082 1688 τοῦ
1105 1621 1207 1694 δεῖνος
1227 1621 1379 1713 ἄρχοντος
1400 1619 1419 1688 5

188 1735 347 1824 κοομηιὴς
375 1759 400 1801 τ.
425 1731 491 1804 ε.ὁ
518 1735 606 1801 δεῖνα
635 1738 695 1802 κτλ.
731 1735 809 1821 (dcl.
832 1737 858 1820 Ι,
890 1741 962 1820 384,
985 1740 1014 1802 4.
1045 1735 1086 1818 ΙΙ,
1110 1739 1183 1802 268.
1211 1735 1266 1812 IV,
1290 1739 1361 1818 168,
1385 1741 1415 1803 2.

188 1844 246 1923 lv,
269 1851 341 1929 270,
364 1851 409 1926 2).
432 1885 476 1896 -
519 1843 538 1914 5
566 1849 723 1938 κοσρηκὴς
751 1871 776 1912 τ.
808 1846 858 1935 ἐφ.
882 1843 900 1915 5
928 1847 1014 1912 deiru
1042 1849 1090 1912 rol
1112 1844 1130 1916 5
1153 1845 1417 1936 ἀντικοσρηιὴτό

192 1957 281 2022 δεῖνα
304 1957 377 2030 τούς
398 1982 431 2023 τε
453 1959 513 2024 κτλ.
529 1996 571 2008 -
592 1958 640 2025 ἐπὶ
662 1959 815 2051 ἄρχοντος
835 1962 889 2025 τοῦ
919 1959 1030 2042 δεῖνος,
1058 1959 1241 2045 ἀνέγραψαν
1263 1955 1340 2040 (det.
1356 1957 1416 2040 III,

190 2065 275 2155 553).
300 2105 344 2118 -
386 2068 643 2159 Κοσμητεύοντος
664 2073 718 2136 τοῦ
740 2069 853 2147 δεῒνος,
875 2069 1029 2160 ἄρχοντος
1049 2071 1103 2134 τοῦ
1126 2069 1234 2140 δεῖνος
1259 2067 1338 2152 (Φιλ.
1361 2069 1416 2151 lv,

191 2184 263 2258 164,
288 2186 330 2260 1),
352 2181 488 2264 denique
508 2180 589 2248 aliae
611 2182 744 2264 similes3
777 2182 835 2250 sed
860 2181 919 2248 has
947 2180 1098 2249 formulas
1126 2180 1252 2248 demum
1278 2179 1354 2248 inde
1374 2179 1416 2248 ab

191 2291 346 2359 Hadriani
367 2291 434 2360 iere
455 2296 561 2362 aetate
582 2293 615 2361 in
637 2293 738 2361 titulis
761 2291 953 2377 deprehendi
974 2291 1191 2360 adnotandum
1213 2295 1272 2358 est.
1295 2327 1338 2340 -

281 2401 334 2470 Vc.
359 2406 386 2470 l.
431 2403 598 2472 cosmetae
619 2423 732 2473 nomen
754 2405 882 2472 abunde
904 2403 1051 2489 supplere
1071 2403 1163 2471 nobis
1185 2422 1249 2470 non
1276 2401 1416 2488 contigit.

190 2513 342 2582 cosmeta
363 2519 413 2582 est
433 2516 572 2583 omnium
594 2517 628 2583 in
650 2516 843 2601 epheborum
870 2515 1033 2600 gymnasio
1060 2515 1303 2601 magistratuum
1332 2532 1416 2581 sum·

187 2645 259 2693 mos
282 2630 315 2694 et
335 2626 574 2696 honestissimus
596 2628 742 2710 idemque
771 2647 895 2712 semper
924 2645 1056 2695 annuus.
1107 2626 1241 2694 creatur
1260 2645 1280 2693 a
1300 2625 1416 2710 populo

182 2738 373 2830 χειροτονίᾳ.
418 2738 533 2808 Omnia
553 2739 587 2805 in
608 2740 771 2825 gymnasio
799 2739 1003 2824 moderetur3
1033 2737 1291 2822 singultantem
1320 2738 1417 2821 magi·

189 2854 310 2918 etratus
343 2854 499 2918 cosmetae
529 2851 647 2918 subditi
670 2851 903 2918 administrant.
947 2851 1134 2919 Rectissime
1152 2851 1416 2934 Dittenbergerus

184 2962 210 3028 l.
233 2961 254 3028 l.
277 2980 348 3046 pag.
373 2967 410 3029 31
447 2962 570 3029 monuit
603 2962 770 3030 ditioribus
805 2962 1021 3030 tantummodo
1054 2965 1087 3030 et
1118 2961 1324 3030 nobilioribus
1356 2962 1416 3030 hoc

186 3084 302 3140 munus
325 3091 345 3140 a
366 3073 486 3142 ciuibus
507 3073 651 3140 mandari
679 3074 808 3141 solitum
841 3091 926 3156 esse,
958 3073 1042 3159 quod
1074 3074 1125 3141 vel
1155 3074 1229 3141 inde
1263 3073 1417 3158 adparere

187 3188 272 3270 quod
294 3185 389 3254 iidem
411 3185 552 3253 homines
574 3203 654 3270 quos
677 3185 845 3254 archontes
868 3190 901 3253 et
922 3189 1088 3271 strategos,
1118 3202 1256 3253 summos
1278 3203 1316 3253 eo
1337 3190 1416 3252 tem·

186 3317 263 3382 pore
285 3297 497 3380 magistratus,
520 3295 618 3363 tuisse
640 3295 775 3366 sciamus
799 3297 895 3366 etiam
910 3302 1068 3366 cosmetae
1084 3315 1214 3364 munere
1228 3296 1329 3364 iuncti
1343 3296 1416 3363 sint.

187 3408 279 3489 Quod
310 3427 384 3475 vero
416 3407 500 3476 inter
531 3408 595 3474 alia
628 3411 772 3491 exemplo
798 3407 833 3476 0.
863 3408 985 3476 Julium
1016 3407 1186 3476 casianum
1215 3408 1416 3494 Apollonium

188 3519 372 3588 Stiriensem
405 3520 438 3586 in
471 3520 520 3587 tit.
545 3519 579 3587 G.
603 3520 628 3586 1.
652 3525 714 3586 272
744 3521 781 3587 Α.
814 3518 994 3587 archontem
1027 3539 1215 3604 eponpmum
1249 3537 1319 3588 esse
1348 3521 1417 3587 vult

188 3637 291 3699 errat:
314 3637 363 3699 est
383 3631 428 3699 ibi
449 3630 589 3715 ephebus
606 3631 656 3715 (ci.
672 3651 744 3717 pag.
761 3635 817 3708 22)
839 3649 943 3716 neque
965 3630 1050 3698 idem
1072 3635 1121 3698 est
1142 3651 1179 3699 ac
1200 3631 1254 3715 qui
1276 3631 1309 3697 in
1331 3629 1366 3698 0.
1390 3631 1416 3698 Ι.

188 3747 250 3808 272
273 3743 300 3809 Β
323 3742 487 3810 exhibetur
509 3748 649 3810 cosmeta
671 3742 705 3809 O.
728 3742 833 3811 Julius
856 3743 1010 3812 casianus
1031 3744 1215 3828 Apollonius
1237 3742 1416 3811 suriensis:

187 3854 282 3922 immo
303 3855 355 3922 hic
378 3860 428 3922 est
448 3854 532 3921 illius
554 3859 655 3937 pater.
700 3855 773 3938 Ipse
793 3873 869 3922 vero
891 3854 975 3922 filius
999 3854 1035 3922 (Ι.
1058 3856 1121 3923 Jul.
1139 3854 1209 3923 Cas.
1233 3855 1417 3940 Apollonius

188 3965 261 4032 Stin.
278 3983 389 4033 revera
410 3965 527 4032 archon
543 3984 715 4050 eponymus
730 3967 826 4034 estin
847 3967 896 4034 tit.
921 3965 985 4032 Φιλ.
997 3968 1056 4050 ΙΙΙ,
1073 3972 1177 4050 2771
1200 3967 1251 4052 (ci.
1275 3986 1341 4052 cap.
1364 3968 1416 4046 V).

186 4077 297 4159 Neque
318 4077 424 4144 minus
446 4082 534 4143 errat
555 4079 639 4161 quod
662 4079 704 4144 Μ.
722 4079 892 4146 ¹Aurelium
919 4079 1117 4146 Alcamenem
1139 4079 1320 4146 archontem
1346 4097 1418 4160 epo·

187 4205 316 4272 nymum
337 4204 407 4254 esse
428 4187 505 4254 dicit
526 4189 558 4253 in
580 4189 629 4255 tit.
654 4187 688 4256 (l.
715 4189 740 4255 l.
765 4194 829 4257 283
853 4190 908 4274 (=
930 4188 994 4277 Ἔφ.
1017 4190 1088 4279 ἀρχ.
1106 4191 1219 4274 2601):
1242 4193 1292 4256 est
1314 4195 1347 4256 et
1367 4189 1418 4256 hic

185 4300 230 4366 ibi
251 4297 410 4380 ephebus;
433 4299 549 4366 etenim
564 4298 642 4366 ihud
668 4298 814 4390 νᾶρχιονι
839 4317 956 4368 uanum
979 4306 1029 4369 cst
1050 4301 1094 4368 ibi
1108 4299 1295 4369 vocabulum
1311 4300 1362 4380 (ci.
1379 4301 1418 4368 de

187 4429 225 4477 eo
254 4429 290 4477 re
324 4427 406 4492 quae
438 4409 521 4476 inire
554 4408 718 4495 adieram).
762 4412 830 4478 Iam
864 4412 1065 4479 Cumanudes
1098 4412 1176 4478 illud
1208 4411 1418 4495 fragmentum

188 4519 285 4604 (0.1.
310 4520 387 4604 283)
411 4520 445 4586 in
468 4538 527 4588 suo
548 4521 616 4592 loco
638 4523 788 4607 reposuit,
812 4523 871 4594 ecl..
889 4524 922 4592 in
944 4525 994 4591 tit.
1019 4521 1082 4606 Φιλ,
1103 4523 1158 4606 IV,
1183 4527 1254 4606 344,
1277 4527 1306 4605 2,
1328 4523 1418 4592 cuius

187 4637 237 4698 est
258 4631 426 4714 particula.
449 4669 492 4680 -
