3418 5340
676 425 888 485 ..57..

169 609 256 676 filius
279 609 413 676 Herodis
436 609 533 676 Attici
562 615 611 676 est
632 610 739 700 κῆρυξ.
763 646 803 657 -
828 607 865 672 ln
889 606 953 672 Φιλ.
970 607 1025 682 ΙΙΙ,
1048 612 1110 674 408
1133 627 1182 676 uo.
1200 613 1240 674 58
1266 609 1395 676 insede

166 740 351 798 marmorea,
373 721 500 788 inventa
521 721 553 786 in
576 720 762 804 Dionysiaco
778 719 913 801 theatro,
935 719 1064 802 legitur:
1088 720 1222 808 κήρυκος
1241 725 1398 804 cavaret<

169 834 219 894 καὶ
240 831 362 918 ἱερέως.
406 831 550 912 Denique
577 831 673 898 etiam
699 830 730 896 in
754 830 877 897 theatro
899 830 1085 914 Dionysiaco
1107 833 1269 912 praeconis
1291 833 1398 900 sedem

166 944 257 1010 iuxta
288 947 462 1024 strategum
489 941 587 1010 fuisse
616 942 708 1010 docet
732 937 842 1030 Ἐφημ.
874 942 943 1031 cipp.
973 965 1041 1029 περ.
1070 941 1108 1008 B.
1142 961 1213 1026 pag.
1238 948 1309 1020 103,
1342 943 1397 1010 ubi

168 1055 251 1120 duae
279 1055 370 1120 sedes
397 1071 604 1129 marmoreae,
637 1070 755 1135 eaeque
786 1051 1004 1129 cohaerentes,
1038 1071 1119 1136 quae
1148 1054 1181 1118 in
1208 1053 1395 1136 Dionysiaco

167 1167 293 1233 theatro
320 1141 395 1232 sunt
422 1169 581 1247 repertae,
610 1164 820 1247 delineantur,
850 1181 983 1248 quarum
1010 1164 1103 1232 alteri
1132 1145 1316 1248 inscriptum
1348 1169 1398 1232 est

169 1279 358 1364 στρατηγοῦ,
381 1276 472 1344 alteri
495 1278 637 1365 κήρυκος.
659 1311 702 1324 -

255 1388 361 1454 Etiam
383 1388 604 1472 agoranomiae
619 1405 732 1452 munus
748 1391 815 1453 turn
831 1388 980 1470 temporis
995 1387 1075 1454 adeo
1090 1406 1152 1454 non
1167 1386 1285 1456 humile
1300 1387 1397 1456 fuisso

168 1505 205 1566 ut
228 1499 278 1566 vel
300 1518 320 1566 a
341 1499 542 1566 nobilissimis
565 1499 684 1566 civibus
707 1499 867 1566 subiretur
889 1517 950 1566 uno
973 1500 1100 1583 quidem
1126 1501 1302 1567 testimonio
1326 1519 1396 1567 cou-

167 1613 333 1694 probatur,
356 1611 410 1678 scl.
432 1610 524 1677 titulo
547 1611 631 1694 apud
652 1609 769 1676 Pittak.
792 1609 880 1677 l’anc.
898 1611 971 1677 Ath.
995 1629 1066 1694 pag.
1092 1615 1161 1688 122,
1185 1611 1203 1674 ὁ
1225 1610 1325 1690 δεῖνα]
1350 1609 1399 1674 ἐπὶ

167 1728 224 1812 τῆς
251 1719 462 1808 ἀγορανομίας
477 1717 620 1808 Ἡρώδου
647 1719 773 1788 Ἀττικοῦ
801 1720 964 1812 ἀνέθηκεν.
1009 1723 1151 1808 Cumque
1178 1724 1210 1790 in
1239 1723 1398 1806 ephebicis

168 1835 287 1912 titulis,
315 1835 445 1920 integris
467 1835 610 1917 quidem,
638 1836 700 1902 duo
722 1837 903 1919 agoranomi
933 1853 1056 1919 semper
1081 1839 1319 1916 recenseantur,
1350 1839 1399 1902 tot

166 1947 302 2015 fortasse
323 1952 391 2014 tum
412 1947 562 2030 temporis
585 1949 681 2014 etiam
702 1948 735 2013 in
757 1947 917 2032 republica
938 1947 1071 2023 fuerint,
1098 1947 1160 2012 iam
1189 1966 1251 2013 non
1279 1947 1396 2028 decem,

166 2065 245 2143 quot
265 2060 382 2126 liberae
403 2057 593 2142 reipublicae
616 2063 765 2142 tempore.
810 2057 960 2143 Idemque
982 2057 1148 2125 dicendum
1169 2057 1296 2124 videtur
1326 2075 1395 2125 asse

168 2172 208 2238 de
230 2171 412 2254 astynomis.

255 2283 346 2364 Quod
366 2301 440 2350 roro
469 2283 518 2350 rel
546 2302 585 2350 ea
611 2301 757 2364 munera,
785 2301 868 2366 quae
889 2281 1007 2350 liberae
1034 2281 1224 2364 reipublioae
1256 2285 1397 2365 tempore

168 2415 226 2478 pro
248 2395 419 2462 humilibus
446 2394 627 2462 ministeriis
656 2394 849 2476 putabantur
871 2393 1004 2478 ideoque
1031 2394 1072 2460 ad
1099 2394 1240 2462 homines
1268 2391 1398 2477 ignobili

48 2535 52 2542 ·
168 2505 238 2573 loco
253 2509 344 2573 natos
363 2511 460 2587 atque
482 2507 560 2572 adeo
582 2505 623 2572 ad
643 2505 825 2588 peregrinos
849 2505 1081 2588 deferebantur,
1104 2510 1171 2572 tum
1192 2505 1342 2588 temporis
1357 2504 1397 2572 ab

171 2617 372 2700 amplissimis
395 2621 428 2683 et
449 2616 649 2684 nobilissimis
671 2617 791 2685 civibus
813 2617 1115 2684 administrabantur
1129 2635 1191 2684 non
1208 2621 1257 2682 est
1274 2617 1396 2682 mirum.

168 2727 328 2794 Nimirum
345 2746 416 2794 curn
437 2727 583 2794 libertate
605 2729 722 2796 amissa
740 2748 780 2796 ne
802 2729 959 2796 tantillum
980 2728 1105 2815 quidem
1127 2728 1241 2795 veteris
1264 2728 1397 2795 auotori-

168 2839 246 2904 tatis
277 2839 422 2922 politicae
453 2843 486 2904 et
518 2837 680 2921 dignitatis
714 2839 950 2906 Atheniensium
982 2840 1172 2922 reipublicae
1210 2844 1398 2922 superesset,

167 2969 275 3016 omnes
290 2950 495 3033 magistratus
516 2969 647 3016 munera
668 2949 842 3017 ministeria
864 2951 897 3016 in
918 2950 1064 3034 liturgiae
1086 2949 1151 3017 iere
1166 2949 1228 3014 vim
1244 2950 1397 3030 abierant,

167 3065 278 3144 utpote
301 3079 383 3144 quae
404 3079 467 3127 non
489 3065 618 3142 possent
639 3061 794 3142 praestari
816 3060 877 3126 nisi
898 3061 938 3127 ab
962 3061 1123 3140 ditissimis
1145 3061 1275 3128 civibus.

256 3172 397 3254 Denique
419 3172 452 3236 in
473 3191 536 3239 uuo
559 3191 596 3238 ex
618 3173 664 3238 eis
686 3189 764 3253 quos
792 3190 889 3256 supra
918 3171 1010 3238 attuli
1038 3171 1139 3238 titulis
1163 3170 1226 3239 Φιλ.
1249 3171 1304 3249 IV,
1328 3177 1398 3253 559,

169 3291 185 3349 l
210 3285 292 3350 inter
314 3288 420 3350 cetera
440 3285 685 3367 magistratuum
708 3283 860 3350 uocabula
882 3288 1050 3350 occurrunt
1073 3283 1169 3349 etiam
1192 3283 1253 3348 duo
1270 3282 1398 3366 εῖοογιο·

166 3397 241 3478 γεῖς.
289 3395 420 3476 Qualem
442 3395 664 3478 magistratum
687 3393 750 3459 ullo
774 3399 914 3477 tempore
936 3395 969 3460 in
984 3393 1220 3460 Atheniensium
1238 3394 1399 3476 republica

167 3507 267 3574 fuisse
289 3523 393 3588 neque
416 3525 454 3572 ex
477 3505 681 3590 scriptoribus
696 3523 797 3588 neque
813 3523 851 3570 ex
869 3505 1122 3588 inscriptionibus
1137 3505 1240 3570 adhuc
1254 3505 1398 3571 innotuit.

168 3619 212 3682 At
240 3618 272 3682 in
299 3619 349 3682 tit.
373 3615 410 3682 O.
426 3617 451 3682 Ι.
484 3621 563 3694 203,
587 3616 665 3692 204,
688 3620 768 3697 205,
792 3620 853 3682 206
876 3616 918 3692 Β,
946 3633 1025 3697 qnos
1056 3615 1097 3682 ad
1118 3616 1237 3682 Tenum
1265 3616 1400 3682 insulam

168 3733 312 3812 spectare
333 3746 416 3794 nunc
442 3723 599 3811 constat,¹
621 3727 703 3793 inter
725 3727 803 3793 alios
824 3726 1027 3810 magistratus
1044 3730 1215 3808 conparent
1230 3726 1293 3792 duo
1317 3727 1399 3790 εῖοο-
1444 3775 1446 3780 ,

168 3841 290 3924 poyeio.
335 3840 531 3923 Quamquam
553 3839 626 3905 inde
649 3839 785 3922 ephebos
807 3837 1013 3906 Athenienses
1036 3838 1068 3904 in
1091 3837 1249 3904 imitandis
1265 3837 1398 3918 publicis

167 3951 358 4034 reipublicae
386 3951 540 4018 institutis
570 3951 630 4018 hoc
651 3951 855 4034 magistratus
877 3969 990 4017 nomeu
1012 3949 1177 4032 repetiisse
1199 3949 1265 4016 veri
1286 3967 1403 4032 parum.

168 4067 219 4130 est
239 4063 349 4129 simile.
386 4063 485 4128 Immo
508 4063 715 4146 colligendum
737 4067 786 4130 est
808 4063 903 4128 etiam
923 4063 958 4128 iu
981 4061 1217 4130 Atheniensium
1238 4061 1400 4144 republica

167 4175 393 4257 imperatorum
420 4175 546 4256 quidem
575 4180 679 4242 aetate
711 4173 798 4240 illum
825 4175 1045 4260 magistratum
1077 4175 1176 4242 luisse
1208 4174 1400 4247 institutum,
1503 4242 1507 4247 .

170 4283 243 4350 Vim
266 4291 371 4352 autern
394 4305 431 4353 ac
452 4292 597 4352 naturam
620 4286 687 4352 eius
702 4285 841 4352 muneris
856 4286 888 4352 in
904 4285 999 4378 dubio
1015 4285 1096 4352 malo
1112 4287 1288 4369 relinquere
1304 4303 1398 4369 quam

169 4417 267 4465 vanas
297 4417 440 4480 promere
463 4400 724 4494 suspitiones—

175 4699 179 4706 ι
243 4639 251 4670 ¹
270 4639 345 4706 Quod
361 4639 578 4710 Dittenbergerum
597 4641 668 4713 fugit.
687 4641 736 4708 (cs
754 4641 772 4694 l.
791 4641 809 4695 l.
826 4659 882 4713 pag.
902 4643 956 4703 43).
