<?xml version="1.0" encoding="UTF-8"?>
<!DOCTYPE html PUBLIC "-//W3C//DTD XHTML 1.0 Transitional//EN"
    "http://www.w3.org/TR/xhtml1/DTD/xhtml1-transitional.dtd">
<html xmlns="http://www.w3.org/1999/xhtml" xml:lang="en" lang="en">
 <head>
  <title>
</title>
<meta http-equiv="Content-Type" content="text/html;charset=utf-8" />
  <meta name='ocr-system' content='tesseract 3.04.00' />
  <meta name='ocr-capabilities' content='ocr_page ocr_carea ocr_par ocr_line ocrx_word'/>
</head>
<body>
  <div class='ocr_page' id='page_1' title='image "./commentationese00neubgoog_0108.png"; bbox 0 0 3436 5326; ppageno 0'>
   <div class='ocr_carea' id='block_1_1' title="bbox 711 420 935 484">
    <p class='ocr_par' dir='ltr' id='par_1_1' title="bbox 711 420 935 484">
     <span class='ocr_line' id='line_1_1' title="bbox 711 420 935 484; baseline 0.004 -18"><span class='ocrx_word' id='word_1_1' title='bbox 711 420 935 484; x_wconf 81' lang='lat'><strong>...95-</strong></span> 
     </span>
    </p>
   </div>
   <div class='ocr_carea' id='block_1_2' title="bbox 203 604 1435 1360">
    <p class='ocr_par' dir='ltr' id='par_1_2' title="bbox 203 604 1435 1360">
     <span class='ocr_line' id='line_1_2' title="bbox 205 604 1433 691; baseline 0 -17"><span class='ocrx_word' id='word_1_2' title='bbox 205 608 326 675; x_wconf 82' lang='grc'>055515</span> <span class='ocrx_word' id='word_1_3' title='bbox 349 609 385 674; x_wconf 88' lang='lat' dir='ltr'>F.</span> <span class='ocrx_word' id='word_1_4' title='bbox 414 608 451 674; x_wconf 94' lang='lat' dir='ltr'>A.</span> <span class='ocrx_word' id='word_1_5' title='bbox 476 608 522 688; x_wconf 87' lang='lat'>11,</span> <span class='ocrx_word' id='word_1_6' title='bbox 548 611 618 688; x_wconf 82' lang='lat'>167,</span> <span class='ocrx_word' id='word_1_7' title='bbox 640 605 687 674; x_wconf 87' lang='lat' dir='ltr'>1v</span> <span class='ocrx_word' id='word_1_8' title='bbox 714 626 745 690; x_wconf 91' lang='lat' dir='ltr'>p.</span> <span class='ocrx_word' id='word_1_9' title='bbox 770 609 840 672; x_wconf 86' lang='grc'>190.</span> <span class='ocrx_word' id='word_1_10' title='bbox 869 604 1011 673; x_wconf 83' lang='lat' dir='ltr'><strong>Mueller.</strong></span> <span class='ocrx_word' id='word_1_11' title='bbox 1034 605 1107 672; x_wconf 92' lang='lat' dir='ltr'>hist.</span> <span class='ocrx_word' id='word_1_12' title='bbox 1136 604 1173 672; x_wconf 85' lang='lat' dir='ltr'>fr.</span> <span class='ocrx_word' id='word_1_13' title='bbox 1197 607 1255 686; x_wconf 92' lang='lat'>111,</span> <span class='ocrx_word' id='word_1_14' title='bbox 1279 607 1341 672; x_wconf 89' lang='grc'>666</span> <span class='ocrx_word' id='word_1_15' title='bbox 1364 625 1433 691; x_wconf 86' lang='lat' dir='ltr'><strong>sqq.</strong></span> 
     </span>
     <span class='ocr_line' id='line_1_3' title="bbox 204 715 1432 804; baseline 0 -20"><span class='ocrx_word' id='word_1_16' title='bbox 204 720 295 789; x_wconf 91' lang='lat' dir='ltr'>Ross.</span> <span class='ocrx_word' id='word_1_17' title='bbox 319 721 358 785; x_wconf 94' lang='lat' dir='ltr'>de</span> <span class='ocrx_word' id='word_1_18' title='bbox 381 719 461 786; x_wconf 90' lang='lat' dir='ltr'>dem.</span> <span class='ocrx_word' id='word_1_19' title='bbox 484 737 556 802; x_wconf 85' lang='lat' dir='ltr'>pag.</span> <span class='ocrx_word' id='word_1_20' title='bbox 575 723 614 784; x_wconf 90' lang='grc'>69</span> <span class='ocrx_word' id='word_1_21' title='bbox 637 737 687 785; x_wconf 89' lang='lat' dir='ltr'>no.</span> <span class='ocrx_word' id='word_1_22' title='bbox 705 715 779 804; x_wconf 83' lang='grc'>75).</span> <span class='ocrx_word' id='word_1_23' title='bbox 814 717 912 794; x_wconf 87' lang='lat' dir='ltr'>Idem,</span> <span class='ocrx_word' id='word_1_24' title='bbox 934 721 970 783; x_wconf 91' lang='lat' dir='ltr'>nt</span> <span class='ocrx_word' id='word_1_25' title='bbox 992 717 1054 783; x_wconf 92' lang='lat' dir='ltr'>iam</span> <span class='ocrx_word' id='word_1_26' title='bbox 1077 717 1150 798; x_wconf 81' lang='lat' dir='ltr'>dixi,</span> <span class='ocrx_word' id='word_1_27' title='bbox 1172 718 1205 782; x_wconf 95' lang='lat' dir='ltr'>in</span> <span class='ocrx_word' id='word_1_28' title='bbox 1232 717 1353 784; x_wconf 92' lang='lat' dir='ltr'>Philist.</span> <span class='ocrx_word' id='word_1_29' title='bbox 1382 719 1432 786; x_wconf 87' lang='lat' dir='ltr'>tit.</span> 
     </span>
     <span class='ocr_line' id='line_1_4' title="bbox 204 828 1435 912; baseline -0.002 -16"><span class='ocrx_word' id='word_1_30' title='bbox 204 835 254 897; x_wconf 90' lang='lat' dir='ltr'>est</span> <span class='ocrx_word' id='word_1_31' title='bbox 276 831 431 912; x_wconf 84' lang='lat' dir='ltr'>ephebus:</span> <span class='ocrx_word' id='word_1_32' title='bbox 459 830 589 912; x_wconf 92' lang='lat' dir='ltr'>proinde</span> <span class='ocrx_word' id='word_1_33' title='bbox 613 835 653 896; x_wconf 99' lang='grc'>20</span> <span class='ocrx_word' id='word_1_34' title='bbox 675 829 740 896; x_wconf 86' lang='grc'>1555</span> <span class='ocrx_word' id='word_1_35' title='bbox 763 847 875 910; x_wconf 89' lang='grc'>55555,</span> <span class='ocrx_word' id='word_1_36' title='bbox 903 829 935 894; x_wconf 95' lang='lat' dir='ltr'>id</span> <span class='ocrx_word' id='word_1_37' title='bbox 958 828 1042 910; x_wconf 90' lang='lat' dir='ltr'>quod</span> <span class='ocrx_word' id='word_1_38' title='bbox 1064 829 1227 895; x_wconf 92' lang='lat' dir='ltr'>minimum</span> <span class='ocrx_word' id='word_1_39' title='bbox 1249 833 1311 909; x_wconf 89' lang='grc'>551,</span> <span class='ocrx_word' id='word_1_40' title='bbox 1339 830 1435 897; x_wconf 90' lang='lat' dir='ltr'>inter-</span> 
     </span>
     <span class='ocr_line' id='line_1_5' title="bbox 204 941 1434 1026; baseline -0.001 -18"><span class='ocrx_word' id='word_1_41' title='bbox 204 944 303 1010; x_wconf 87' lang='lat' dir='ltr'>iectos</span> <span class='ocrx_word' id='word_1_42' title='bbox 332 961 402 1009; x_wconf 90' lang='lat' dir='ltr'>esse</span> <span class='ocrx_word' id='word_1_43' title='bbox 432 947 565 1026; x_wconf 86' lang='lat' dir='ltr'>oportet</span> <span class='ocrx_word' id='word_1_44' title='bbox 610 941 805 1008; x_wconf 86' lang='lat' dir='ltr'>Adducimur</span> <span class='ocrx_word' id='word_1_45' title='bbox 828 960 902 1024; x_wconf 82' lang='lat' dir='ltr'>ergo</span> <span class='ocrx_word' id='word_1_46' title='bbox 925 941 1170 1009; x_wconf 84' lang='grc'>5155155250</span> <span class='ocrx_word' id='word_1_47' title='bbox 1192 941 1326 1024; x_wconf 84' lang='lat' dir='ltr'>p.Chr.;</span> <span class='ocrx_word' id='word_1_48' title='bbox 1349 942 1434 1023; x_wconf 89' lang='lat' dir='ltr'>quod</span> 
     </span>
     <span class='ocr_line' id='line_1_6' title="bbox 203 1053 1435 1137; baseline -0.002 -17"><span class='ocrx_word' id='word_1_49' title='bbox 203 1055 350 1137; x_wconf 83' lang='lat' dir='ltr'>congruit</span> <span class='ocrx_word' id='word_1_50' title='bbox 375 1073 446 1119; x_wconf 87' lang='lat' dir='ltr'>eum</span> <span class='ocrx_word' id='word_1_51' title='bbox 469 1055 514 1119; x_wconf 94' lang='lat' dir='ltr'>eis</span> <span class='ocrx_word' id='word_1_52' title='bbox 536 1071 617 1134; x_wconf 91' lang='lat' dir='ltr'>quae</span> <span class='ocrx_word' id='word_1_53' title='bbox 639 1073 735 1136; x_wconf 90' lang='lat' dir='ltr'>supra</span> <span class='ocrx_word' id='word_1_54' title='bbox 757 1053 796 1120; x_wconf 90' lang='lat' dir='ltr'>de</span> <span class='ocrx_word' id='word_1_55' title='bbox 819 1053 964 1119; x_wconf 84' lang='lat' dir='ltr'>Cratonis</span> <span class='ocrx_word' id='word_1_56' title='bbox 986 1053 1189 1136; x_wconf 78' lang='lat' dir='ltr'>paedotribae</span> <span class='ocrx_word' id='word_1_57' title='bbox 1219 1058 1325 1120; x_wconf 88' lang='lat' dir='ltr'>aetate</span> <span class='ocrx_word' id='word_1_58' title='bbox 1356 1054 1435 1119; x_wconf 82' lang='lat' dir='ltr'>dixi·</span> 
     </span>
     <span class='ocr_line' id='line_1_7' title="bbox 203 1163 1434 1232; baseline -0.001 -2"><span class='ocrx_word' id='word_1_59' title='bbox 203 1184 283 1232; x_wconf 92' lang='lat' dir='ltr'>mus.</span> <span class='ocrx_word' id='word_1_60' title='bbox 328 1165 506 1232; x_wconf 90' lang='lat' dir='ltr'>Videndum</span> <span class='ocrx_word' id='word_1_61' title='bbox 528 1165 590 1230; x_wconf 90' lang='lat' dir='ltr'>iam</span> <span class='ocrx_word' id='word_1_62' title='bbox 613 1170 662 1231; x_wconf 91' lang='grc'>551</span> <span class='ocrx_word' id='word_1_63' title='bbox 684 1164 723 1231; x_wconf 91' lang='lat' dir='ltr'>de</span> <span class='ocrx_word' id='word_1_64' title='bbox 745 1164 987 1231; x_wconf 91' lang='lat' dir='ltr'>Panathenaide.</span> <span class='ocrx_word' id='word_1_65' title='bbox 1032 1163 1164 1230; x_wconf 85' lang='lat' dir='ltr'>Constat</span> <span class='ocrx_word' id='word_1_66' title='bbox 1186 1163 1344 1231; x_wconf 84' lang='lat' dir='ltr'>celebrata</span> <span class='ocrx_word' id='word_1_67' title='bbox 1365 1182 1434 1230; x_wconf 92' lang='lat' dir='ltr'>esse</span> 
     </span>
     <span class='ocr_line' id='line_1_8' title="bbox 207 1275 1433 1360; baseline 0 -18"><span class='ocrx_word' id='word_1_68' title='bbox 207 1276 430 1343; x_wconf 82' lang='lat' dir='ltr'>Panathenaea</span> <span class='ocrx_word' id='word_1_69' title='bbox 446 1282 558 1359; x_wconf 89' lang='lat' dir='ltr'>quarto</span> <span class='ocrx_word' id='word_1_70' title='bbox 574 1294 698 1360; x_wconf 89' lang='lat' dir='ltr'>quoque</span> <span class='ocrx_word' id='word_1_71' title='bbox 713 1296 795 1342; x_wconf 90' lang='lat' dir='ltr'>auno</span> <span class='ocrx_word' id='word_1_72' title='bbox 817 1283 850 1342; x_wconf 92' lang='grc'>51</span> <span class='ocrx_word' id='word_1_73' title='bbox 871 1277 996 1358; x_wconf 90' lang='lat' dir='ltr'>quidem</span> <span class='ocrx_word' id='word_1_74' title='bbox 1012 1275 1106 1343; x_wconf 91' lang='lat' dir='ltr'>tertio</span> <span class='ocrx_word' id='word_1_75' title='bbox 1120 1293 1245 1359; x_wconf 89' lang='lat' dir='ltr'>quoque</span> <span class='ocrx_word' id='word_1_76' title='bbox 1260 1275 1433 1358; x_wconf 89' lang='lat' dir='ltr'>Olympiad.</span> 
     </span>
    </p>
   </div>
   <div class='ocr_carea' id='block_1_3' title="bbox 202 1365 1433 1601">
    <p class='ocr_par' dir='ltr' id='par_1_3' title="bbox 202 1365 1433 1601">
     <span class='ocr_line' id='line_1_9' title="bbox 202 1365 1431 1504; baseline 0.003 -42"><span class='ocrx_word' id='word_1_77' title='bbox 202 1416 292 1465; x_wconf 87' lang='lat' dir='ltr'>anno.</span> <span class='ocrx_word' id='word_1_78' title='bbox 329 1397 470 1479; x_wconf 83' lang='lat' dir='ltr'>Cumque</span> <span class='ocrx_word' id='word_1_79' title='bbox 492 1415 593 1463; x_wconf 91' lang='lat' dir='ltr'>annus</span> <span class='ocrx_word' id='word_1_80' title='bbox 611 1365 677 1504; x_wconf 37' lang='grc' dir='ltr'>ᾗ,</span> <span class='ocrx_word' id='word_1_81' title='bbox 693 1398 793 1481; x_wconf 90' lang='lat' dir='ltr'>quiab</span> <span class='ocrx_word' id='word_1_82' title='bbox 806 1416 833 1462; x_wconf 91' lang='lat' dir='ltr'>a.</span> <span class='ocrx_word' id='word_1_83' title='bbox 848 1402 910 1462; x_wconf 90' lang='grc'>250</span> <span class='ocrx_word' id='word_1_84' title='bbox 921 1398 1059 1480; x_wconf 80' lang='lat' dir='ltr'>proxime</span> <span class='ocrx_word' id='word_1_85' title='bbox 1071 1398 1170 1473; x_wconf 91' lang='lat' dir='ltr'>abest,</span> <span class='ocrx_word' id='word_1_86' title='bbox 1183 1399 1431 1476; x_wconf 66' lang='lat' dir='ltr'>tertius(256!.⁰)</span> 
     </span>
     <span class='ocr_line' id='line_1_10' title="bbox 205 1517 1433 1601; baseline 0.002 -18"><span class='ocrx_word' id='word_1_87' title='bbox 205 1518 398 1601; x_wconf 85' lang='lat' dir='ltr'>Olympiadis</span> <span class='ocrx_word' id='word_1_88' title='bbox 420 1519 587 1598; x_wconf 88' lang='grc'>51155555,</span> <span class='ocrx_word' id='word_1_89' title='bbox 608 1519 728 1601; x_wconf 89' lang='lat' dir='ltr'>primus</span> <span class='ocrx_word' id='word_1_90' title='bbox 752 1523 827 1587; x_wconf 62' lang='lat'>352</span> <span class='ocrx_word' id='word_1_91' title='bbox 849 1517 1091 1585; x_wconf 86' lang='lat' dir='ltr'>Panathenaidis</span> <span class='ocrx_word' id='word_1_92' title='bbox 1114 1537 1214 1585; x_wconf 91' lang='lat' dir='ltr'>annus</span> <span class='ocrx_word' id='word_1_93' title='bbox 1236 1517 1370 1587; x_wconf 89' lang='lat' dir='ltr'>fortasse</span> <span class='ocrx_word' id='word_1_94' title='bbox 1392 1519 1433 1586; x_wconf 91' lang='lat' dir='ltr'>ad</span> 
     </span>
    </p>
   </div>
   <div class='ocr_carea' id='block_1_4' title="bbox 204 1605 1434 1745">
    <p class='ocr_par' dir='ltr' id='par_1_4' title="bbox 204 1605 1434 1745">
     <span class='ocr_line' id='line_1_11' title="bbox 204 1605 1434 1745; baseline 0.002 -41"><span class='ocrx_word' id='word_1_95' title='bbox 204 1658 231 1704; x_wconf 91' lang='lat' dir='ltr'>a.</span> <span class='ocrx_word' id='word_1_96' title='bbox 256 1605 309 1745; x_wconf 49' lang='lat' dir='ltr'>{g</span> <span class='ocrx_word' id='word_1_97' title='bbox 330 1644 380 1704; x_wconf 92' lang='grc'>551</span> <span class='ocrx_word' id='word_1_98' title='bbox 412 1632 615 1705; x_wconf 85' lang='lat' dir='ltr'>revocandus.</span> <span class='ocrx_word' id='word_1_99' title='bbox 663 1637 782 1718; x_wconf 86' lang='lat' dir='ltr'>Quodsi</span> <span class='ocrx_word' id='word_1_100' title='bbox 810 1642 849 1703; x_wconf 90' lang='grc'>35</span> <span class='ocrx_word' id='word_1_101' title='bbox 875 1638 1125 1706; x_wconf 91' lang='lat' dir='ltr'>Panathenaides</span> <span class='ocrx_word' id='word_1_102' title='bbox 1157 1641 1329 1706; x_wconf 85' lang='lat' dir='ltr'>retrorsum</span> <span class='ocrx_word' id='word_1_103' title='bbox 1364 1659 1434 1707; x_wconf 87' lang='lat' dir='ltr'>eon-</span> 
     </span>
    </p>
   </div>
   <div class='ocr_carea' id='block_1_5' title="bbox 203 1727 1434 1865">
    <p class='ocr_par' dir='ltr' id='par_1_5' title="bbox 203 1727 1434 1865">
     <span class='ocr_line' id='line_1_12' title="bbox 203 1727 1434 1865; baseline 0.002 -40"><span class='ocrx_word' id='word_1_104' title='bbox 203 1727 920 1865; x_wconf 44' lang='grc'>551515555565115551555551-315115</span> <span class='ocrx_word' id='word_1_105' title='bbox 943 1759 1064 1843; x_wconf 86' lang='lat' dir='ltr'>Olymp.</span> <span class='ocrx_word' id='word_1_106' title='bbox 1087 1764 1159 1842; x_wconf 89' lang='grc'>222,</span> <span class='ocrx_word' id='word_1_107' title='bbox 1185 1765 1213 1827; x_wconf 91' lang='lat'>3.</span> <span class='ocrx_word' id='word_1_108' title='bbox 1259 1761 1326 1826; x_wconf 93' lang='lat' dir='ltr'>Iam</span> <span class='ocrx_word' id='word_1_109' title='bbox 1348 1765 1434 1828; x_wconf 88' lang='lat' dir='ltr'>reete</span> 
     </span>
    </p>
   </div>
   <div class='ocr_carea' id='block_1_6' title="bbox 202 1879 1435 2074">
    <p class='ocr_par' dir='ltr' id='par_1_6' title="bbox 202 1879 1435 2074">
     <span class='ocr_line' id='line_1_13' title="bbox 202 1879 1435 1964; baseline 0.002 -19"><span class='ocrx_word' id='word_1_110' title='bbox 202 1899 260 1946; x_wconf 92' lang='lat' dir='ltr'>nos</span> <span class='ocrx_word' id='word_1_111' title='bbox 283 1885 469 1964; x_wconf 87' lang='grc'>5555515555</span> <span class='ocrx_word' id='word_1_112' title='bbox 492 1879 541 1946; x_wconf 90' lang='lat' dir='ltr'>vel</span> <span class='ocrx_word' id='word_1_113' title='bbox 562 1899 630 1946; x_wconf 91' lang='lat' dir='ltr'>rem</span> <span class='ocrx_word' id='word_1_114' title='bbox 648 1881 809 1964; x_wconf 86' lang='lat' dir='ltr'>expedisse</span> <span class='ocrx_word' id='word_1_115' title='bbox 823 1897 923 1963; x_wconf 90' lang='lat' dir='ltr'>paene</span> <span class='ocrx_word' id='word_1_116' title='bbox 938 1899 1124 1964; x_wconf 90' lang='lat' dir='ltr'>persuasum</span> <span class='ocrx_word' id='word_1_117' title='bbox 1138 1881 1297 1948; x_wconf 88' lang='lat' dir='ltr'>habemus.</span> <span class='ocrx_word' id='word_1_118' title='bbox 1331 1880 1435 1948; x_wconf 82' lang='lat' dir='ltr'>Causa</span> 
     </span>
     <span class='ocr_line' id='line_1_14' title="bbox 206 1992 1432 2074; baseline 0.002 -17"><span class='ocrx_word' id='word_1_119' title='bbox 206 1993 338 2058; x_wconf 86' lang='lat' dir='ltr'>enimsi</span> <span class='ocrx_word' id='word_1_120' title='bbox 367 1993 529 2074; x_wconf 90' lang='lat' dir='ltr'>quaeritur</span> <span class='ocrx_word' id='word_1_121' title='bbox 559 2011 615 2058; x_wconf 87' lang='lat' dir='ltr'>eur</span> <span class='ocrx_word' id='word_1_122' title='bbox 641 2009 678 2057; x_wconf 92' lang='lat' dir='ltr'>eo</span> <span class='ocrx_word' id='word_1_123' title='bbox 701 1992 769 2074; x_wconf 89' lang='lat' dir='ltr'>ipso</span> <span class='ocrx_word' id='word_1_124' title='bbox 799 2010 881 2058; x_wconf 90' lang='lat' dir='ltr'>anno</span> <span class='ocrx_word' id='word_1_125' title='bbox 908 2009 976 2057; x_wconf 92' lang='lat' dir='ltr'>mos</span> <span class='ocrx_word' id='word_1_126' title='bbox 1005 1992 1090 2072; x_wconf 91' lang='lat' dir='ltr'>apud</span> <span class='ocrx_word' id='word_1_127' title='bbox 1112 1992 1319 2060; x_wconf 84' lang='lat' dir='ltr'>Athenienses</span> <span class='ocrx_word' id='word_1_128' title='bbox 1349 1995 1432 2060; x_wconf 79' lang='grc'>1515-</span> 
     </span>
    </p>
   </div>
   <div class='ocr_carea' id='block_1_7' title="bbox 205 2079 1434 2220">
    <p class='ocr_par' dir='ltr' id='par_1_7' title="bbox 205 2079 1434 2220">
     <span class='ocr_line' id='line_1_15' title="bbox 205 2079 1434 2220; baseline 0.004 -44"><span class='ocrx_word' id='word_1_129' title='bbox 205 2111 302 2178; x_wconf 84' lang='grc'>155511</span> <span class='ocrx_word' id='word_1_130' title='bbox 327 2111 895 2197; x_wconf 76' lang='grc' dir='ltr'>555551555155Ρ55511555511111555,</span> <span class='ocrx_word' id='word_1_131' title='bbox 922 2131 950 2178; x_wconf 89' lang='grc'>5.</span> <span class='ocrx_word' id='word_1_132' title='bbox 973 2079 1026 2220; x_wconf 52' lang='lat' dir='ltr'>ffl-</span> <span class='ocrx_word' id='word_1_133' title='bbox 1062 2113 1257 2180; x_wconf 88' lang='lat' dir='ltr'>Hadrianum</span> <span class='ocrx_word' id='word_1_134' title='bbox 1301 2114 1434 2181; x_wconf 88' lang='lat' dir='ltr'>Athenis</span> 
     </span>
    </p>
   </div>
   <div class='ocr_carea' id='block_1_8' title="bbox 202 2232 1435 4658">
    <p class='ocr_par' dir='ltr' id='par_1_8' title="bbox 202 2232 1435 3428">
     <span class='ocr_line' id='line_1_16' title="bbox 203 2232 1435 2317; baseline 0.002 -19"><span class='ocrx_word' id='word_1_135' title='bbox 203 2233 385 2300; x_wconf 85' lang='lat' dir='ltr'>archontem</span> <span class='ocrx_word' id='word_1_136' title='bbox 408 2253 595 2317; x_wconf 89' lang='lat' dir='ltr'>eponymum</span> <span class='ocrx_word' id='word_1_137' title='bbox 615 2232 713 2300; x_wconf 87' lang='lat' dir='ltr'>fuisse</span> <span class='ocrx_word' id='word_1_138' title='bbox 741 2233 873 2315; x_wconf 89' lang='lat' dir='ltr'>scimus,</span> <span class='ocrx_word' id='word_1_139' title='bbox 904 2233 992 2300; x_wconf 92' lang='lat' dir='ltr'>euius</span> <span class='ocrx_word' id='word_1_140' title='bbox 1021 2234 1055 2298; x_wconf 94' lang='lat' dir='ltr'>in</span> <span class='ocrx_word' id='word_1_141' title='bbox 1078 2233 1242 2314; x_wconf 90' lang='lat' dir='ltr'>honorem,</span> <span class='ocrx_word' id='word_1_142' title='bbox 1272 2239 1309 2300; x_wconf 94' lang='lat' dir='ltr'>ut</span> <span class='ocrx_word' id='word_1_143' title='bbox 1338 2253 1435 2316; x_wconf 90' lang='lat' dir='ltr'>supra</span> 
     </span>
     <span class='ocr_line' id='line_1_17' title="bbox 204 2345 1433 2430; baseline 0.003 -20"><span class='ocrx_word' id='word_1_144' title='bbox 204 2345 267 2410; x_wconf 88' lang='lat' dir='ltr'>iam</span> <span class='ocrx_word' id='word_1_145' title='bbox 291 2345 573 2412; x_wconf 90' lang='lat' dir='ltr'>demonstravimus</span> <span class='ocrx_word' id='word_1_146' title='bbox 596 2351 679 2430; x_wconf 85' lang='lat' dir='ltr'>(pag.</span> <span class='ocrx_word' id='word_1_147' title='bbox 705 2351 747 2428; x_wconf 90' lang='grc'>5),</span> <span class='ocrx_word' id='word_1_148' title='bbox 770 2347 810 2412; x_wconf 88' lang='lat' dir='ltr'>ab</span> <span class='ocrx_word' id='word_1_149' title='bbox 831 2345 890 2413; x_wconf 89' lang='lat' dir='ltr'>hoo</span> <span class='ocrx_word' id='word_1_150' title='bbox 911 2347 980 2429; x_wconf 92' lang='lat' dir='ltr'>ipso</span> <span class='ocrx_word' id='word_1_151' title='bbox 1000 2365 1081 2412; x_wconf 91' lang='grc'>5555</span> <span class='ocrx_word' id='word_1_152' title='bbox 1101 2365 1182 2412; x_wconf 82' lang='lat' dir='ltr'>nova</span> <span class='ocrx_word' id='word_1_153' title='bbox 1203 2366 1356 2414; x_wconf 90' lang='lat' dir='ltr'>annorum</span> <span class='ocrx_word' id='word_1_154' title='bbox 1378 2366 1433 2414; x_wconf 91' lang='lat' dir='ltr'>nu·</span> 
     </span>
     <span class='ocr_line' id='line_1_18' title="bbox 203 2458 1434 2541; baseline 0.003 -19"><span class='ocrx_word' id='word_1_155' title='bbox 203 2458 424 2524; x_wconf 87' lang='lat' dir='ltr'>merandornm</span> <span class='ocrx_word' id='word_1_156' title='bbox 453 2459 534 2524; x_wconf 90' lang='lat' dir='ltr'>ratio</span> <span class='ocrx_word' id='word_1_157' title='bbox 556 2458 606 2525; x_wconf 88' lang='lat' dir='ltr'>vel</span> <span class='ocrx_word' id='word_1_158' title='bbox 635 2458 754 2541; x_wconf 86' lang='lat' dir='ltr'>epocha</span> <span class='ocrx_word' id='word_1_159' title='bbox 775 2458 907 2524; x_wconf 88' lang='lat' dir='ltr'>Athenis</span> <span class='ocrx_word' id='word_1_160' title='bbox 937 2458 1064 2541; x_wconf 88' lang='lat' dir='ltr'>incepta</span> <span class='ocrx_word' id='word_1_161' title='bbox 1093 2463 1149 2525; x_wconf 90' lang='grc'>551.</span> <span class='ocrx_word' id='word_1_162' title='bbox 1198 2460 1358 2526; x_wconf 90' lang='lat' dir='ltr'>Habemus</span> <span class='ocrx_word' id='word_1_163' title='bbox 1383 2459 1434 2526; x_wconf 89' lang='lat' dir='ltr'>hie</span> 
     </span>
     <span class='ocr_line' id='line_1_19' title="bbox 206 2567 1434 2653; baseline 0.003 -20"><span class='ocrx_word' id='word_1_164' title='bbox 206 2567 341 2634; x_wconf 88' lang='lat' dir='ltr'>alterum</span> <span class='ocrx_word' id='word_1_165' title='bbox 363 2569 546 2653; x_wconf 84' lang='lat' dir='ltr'>exemplum.</span> <span class='ocrx_word' id='word_1_166' title='bbox 592 2569 666 2637; x_wconf 91' lang='lat' dir='ltr'>Veri</span> <span class='ocrx_word' id='word_1_167' title='bbox 690 2569 790 2635; x_wconf 92' lang='lat' dir='ltr'>simile</span> <span class='ocrx_word' id='word_1_168' title='bbox 813 2575 863 2636; x_wconf 94' lang='lat' dir='ltr'>est</span> <span class='ocrx_word' id='word_1_169' title='bbox 884 2569 1081 2636; x_wconf 89' lang='lat' dir='ltr'>Hadrianum</span> <span class='ocrx_word' id='word_1_170' title='bbox 1104 2589 1140 2636; x_wconf 91' lang='lat' dir='ltr'>eo</span> <span class='ocrx_word' id='word_1_171' title='bbox 1163 2587 1245 2636; x_wconf 90' lang='lat' dir='ltr'>anno</span> <span class='ocrx_word' id='word_1_172' title='bbox 1274 2570 1434 2638; x_wconf 88' lang='lat' dir='ltr'>archontis</span> 
     </span>
     <span class='ocr_line' id='line_1_20' title="bbox 202 2680 1435 2763; baseline 0.002 -18"><span class='ocrx_word' id='word_1_173' title='bbox 202 2699 332 2746; x_wconf 91' lang='lat' dir='ltr'>munere</span> <span class='ocrx_word' id='word_1_174' title='bbox 357 2680 537 2763; x_wconf 84' lang='lat' dir='ltr'>fungentem</span> <span class='ocrx_word' id='word_1_175' title='bbox 568 2681 616 2747; x_wconf 91' lang='lat' dir='ltr'>nti</span> <span class='ocrx_word' id='word_1_176' title='bbox 645 2681 707 2746; x_wconf 93' lang='lat' dir='ltr'>alia</span> <span class='ocrx_word' id='word_1_177' title='bbox 738 2700 860 2747; x_wconf 90' lang='lat' dir='ltr'>summa</span> <span class='ocrx_word' id='word_1_178' title='bbox 892 2680 1042 2748; x_wconf 86' lang='lat' dir='ltr'>beneficia</span> <span class='ocrx_word' id='word_1_179' title='bbox 1071 2682 1104 2746; x_wconf 96' lang='lat' dir='ltr'>in</span> <span class='ocrx_word' id='word_1_180' title='bbox 1126 2681 1333 2748; x_wconf 89' lang='lat' dir='ltr'>Athenienses</span> <span class='ocrx_word' id='word_1_181' title='bbox 1362 2701 1435 2748; x_wconf 88' lang='lat' dir='ltr'>oon·</span> 
     </span>
     <span class='ocr_line' id='line_1_21' title="bbox 202 2789 1434 2876; baseline 0.003 -21"><span class='ocrx_word' id='word_1_182' title='bbox 202 2789 312 2856; x_wconf 90' lang='lat' dir='ltr'>tulerit</span> <span class='ocrx_word' id='word_1_183' title='bbox 334 2792 379 2858; x_wconf 92' lang='lat' dir='ltr'>ita</span> <span class='ocrx_word' id='word_1_184' title='bbox 401 2793 519 2876; x_wconf 86' lang='lat' dir='ltr'>Magna</span> <span class='ocrx_word' id='word_1_185' title='bbox 540 2793 763 2859; x_wconf 86' lang='lat' dir='ltr'>Panathenaea</span> <span class='ocrx_word' id='word_1_186' title='bbox 785 2799 872 2859; x_wconf 85' lang='lat' dir='ltr'>certa</span> <span class='ocrx_word' id='word_1_187' title='bbox 893 2793 997 2859; x_wconf 89' lang='lat' dir='ltr'>neseio</span> <span class='ocrx_word' id='word_1_188' title='bbox 1019 2811 1082 2876; x_wconf 91' lang='lat' dir='ltr'>qua</span> <span class='ocrx_word' id='word_1_189' title='bbox 1103 2793 1224 2859; x_wconf 92' lang='lat' dir='ltr'>ratione</span> <span class='ocrx_word' id='word_1_190' title='bbox 1238 2811 1318 2858; x_wconf 89' lang='lat' dir='ltr'>novo</span> <span class='ocrx_word' id='word_1_191' title='bbox 1333 2795 1434 2874; x_wconf 93' lang='lat' dir='ltr'>splen·</span> 
     </span>
     <span class='ocr_line' id='line_1_22' title="bbox 203 2903 1432 2988; baseline 0.002 -20"><span class='ocrx_word' id='word_1_192' title='bbox 203 2903 279 2968; x_wconf 91' lang='lat' dir='ltr'>dore</span> <span class='ocrx_word' id='word_1_193' title='bbox 300 2922 477 2970; x_wconf 84' lang='lat' dir='ltr'>exornasse.</span> <span class='ocrx_word' id='word_1_194' title='bbox 521 2903 599 2986; x_wconf 85' lang='lat' dir='ltr'>Ego,</span> <span class='ocrx_word' id='word_1_195' title='bbox 615 2909 658 2988; x_wconf 89' lang='lat' dir='ltr'>ut</span> <span class='ocrx_word' id='word_1_196' title='bbox 680 2904 752 2986; x_wconf 85' lang='lat' dir='ltr'>dixi,</span> <span class='ocrx_word' id='word_1_197' title='bbox 775 2904 834 2970; x_wconf 88' lang='lat' dir='ltr'>hae</span> <span class='ocrx_word' id='word_1_198' title='bbox 857 2904 896 2970; x_wconf 91' lang='lat' dir='ltr'>de</span> <span class='ocrx_word' id='word_1_199' title='bbox 918 2925 953 2970; x_wconf 92' lang='lat' dir='ltr'>re</span> <span class='ocrx_word' id='word_1_200' title='bbox 975 2923 1037 2970; x_wconf 93' lang='lat' dir='ltr'>non</span> <span class='ocrx_word' id='word_1_201' title='bbox 1053 2903 1271 2984; x_wconf 88' lang='lat' dir='ltr'>dubitaverim,</span> <span class='ocrx_word' id='word_1_202' title='bbox 1293 2923 1432 2987; x_wconf 88' lang='lat' dir='ltr'>praeser-</span> 
     </span>
     <span class='ocr_line' id='line_1_23' title="bbox 202 3013 1432 3099; baseline 0.003 -23"><span class='ocrx_word' id='word_1_203' title='bbox 202 3013 260 3078; x_wconf 93' lang='lat' dir='ltr'>tim</span> <span class='ocrx_word' id='word_1_204' title='bbox 281 3032 353 3080; x_wconf 90' lang='lat' dir='ltr'>enm</span> <span class='ocrx_word' id='word_1_205' title='bbox 374 3016 426 3080; x_wconf 85' lang='lat' dir='ltr'>vix</span> <span class='ocrx_word' id='word_1_206' title='bbox 448 3014 509 3081; x_wconf 91' lang='grc'>5115</span> <span class='ocrx_word' id='word_1_207' title='bbox 530 3015 631 3098; x_wconf 90' lang='grc'>555511</span> <span class='ocrx_word' id='word_1_208' title='bbox 653 3016 836 3098; x_wconf 83' lang='lat' dir='ltr'>investigari</span> <span class='ocrx_word' id='word_1_209' title='bbox 859 3034 955 3082; x_wconf 89' lang='lat' dir='ltr'>eausa</span> <span class='ocrx_word' id='word_1_210' title='bbox 976 3016 1060 3081; x_wconf 92' lang='lat' dir='ltr'>illius</span> <span class='ocrx_word' id='word_1_211' title='bbox 1078 3015 1319 3099; x_wconf 89' lang='lat' dir='ltr'>conputationis.</span> <span class='ocrx_word' id='word_1_212' title='bbox 1354 3015 1432 3082; x_wconf 84' lang='lat' dir='ltr'>Oen-</span> 
     </span>
     <span class='ocr_line' id='line_1_24' title="bbox 203 3124 1431 3206; baseline 0.003 -17"><span class='ocrx_word' id='word_1_213' title='bbox 203 3142 256 3190; x_wconf 89' lang='grc'>555</span> <span class='ocrx_word' id='word_1_214' title='bbox 280 3144 356 3206; x_wconf 84' lang='lat' dir='ltr'>ergo</span> <span class='ocrx_word' id='word_1_215' title='bbox 377 3125 424 3189; x_wconf 85' lang='lat' dir='ltr'>Fl.</span> <span class='ocrx_word' id='word_1_216' title='bbox 447 3125 675 3193; x_wconf 90' lang='lat' dir='ltr'>Philostratum</span> <span class='ocrx_word' id='word_1_217' title='bbox 699 3125 883 3192; x_wconf 87' lang='lat' dir='ltr'>Stiriensem</span> <span class='ocrx_word' id='word_1_218' title='bbox 905 3127 1086 3193; x_wconf 87' lang='lat' dir='ltr'>anebontem</span> <span class='ocrx_word' id='word_1_219' title='bbox 1109 3124 1206 3192; x_wconf 84' lang='lat' dir='ltr'>fuisse</span> <span class='ocrx_word' id='word_1_220' title='bbox 1226 3127 1312 3192; x_wconf 85' lang='lat' dir='ltr'>intra</span> <span class='ocrx_word' id='word_1_221' title='bbox 1333 3145 1431 3193; x_wconf 87' lang='lat' dir='ltr'>annos</span> 
     </span>
     <span class='ocr_line' id='line_1_25' title="bbox 203 3237 1429 3318; baseline 0 -16"><span class='ocrx_word' id='word_1_222' title='bbox 203 3237 381 3302; x_wconf 80' lang='lat'><strong>247-250.</strong></span> <span class='ocrx_word' id='word_1_223' title='bbox 421 3238 606 3318; x_wconf 83' lang='lat' dir='ltr'>Ignoramus</span> <span class='ocrx_word' id='word_1_224' title='bbox 629 3238 765 3304; x_wconf 93' lang='lat' dir='ltr'>enimin</span> <span class='ocrx_word' id='word_1_225' title='bbox 788 3255 850 3318; x_wconf 91' lang='grc'>555</span> <span class='ocrx_word' id='word_1_226' title='bbox 873 3243 958 3304; x_wconf 83' lang='lat' dir='ltr'>certo</span> <span class='ocrx_word' id='word_1_227' title='bbox 983 3243 1057 3308; x_wconf 67' lang='grc'>3521</span> <span class='ocrx_word' id='word_1_228' title='bbox 1080 3237 1325 3305; x_wconf 89' lang='lat' dir='ltr'>Panathenaidis</span> <span class='ocrx_word' id='word_1_229' title='bbox 1347 3254 1429 3303; x_wconf 90' lang='lat' dir='ltr'>anno</span> 
     </span>
     <span class='ocr_line' id='line_1_26' title="bbox 202 3347 439 3428; baseline -0.004 -15"><span class='ocrx_word' id='word_1_230' title='bbox 202 3347 366 3428; x_wconf 91' lang='lat' dir='ltr'>ponendus</span> <span class='ocrx_word' id='word_1_231' title='bbox 389 3348 439 3413; x_wconf 93' lang='lat' dir='ltr'>sit.</span> 
     </span>
    </p>

    <p class='ocr_par' dir='ltr' id='par_1_9' title="bbox 202 3459 1432 4658">
     <span class='ocr_line' id='line_1_27' title="bbox 287 3459 1430 3543; baseline 0.001 -19"><span class='ocrx_word' id='word_1_232' title='bbox 287 3459 430 3540; x_wconf 87' lang='lat' dir='ltr'>Denique</span> <span class='ocrx_word' id='word_1_233' title='bbox 451 3478 514 3525; x_wconf 91' lang='lat' dir='ltr'>non</span> <span class='ocrx_word' id='word_1_234' title='bbox 537 3460 679 3526; x_wconf 90' lang='lat' dir='ltr'>diversus</span> <span class='ocrx_word' id='word_1_235' title='bbox 702 3464 768 3541; x_wconf 89' lang='lat' dir='ltr'>est,</span> <span class='ocrx_word' id='word_1_236' title='bbox 797 3461 922 3543; x_wconf 86' lang='lat' dir='ltr'>opinor,</span> <span class='ocrx_word' id='word_1_237' title='bbox 949 3462 1001 3527; x_wconf 87' lang='lat' dir='ltr'>hio</span> <span class='ocrx_word' id='word_1_238' title='bbox 1031 3461 1148 3528; x_wconf 89' lang='lat' dir='ltr'>archon</span> <span class='ocrx_word' id='word_1_239' title='bbox 1176 3461 1216 3528; x_wconf 91' lang='lat' dir='ltr'>ab</span> <span class='ocrx_word' id='word_1_240' title='bbox 1238 3461 1430 3527; x_wconf 89' lang='lat' dir='ltr'>Philostrato</span> 
     </span>
     <span class='ocr_line' id='line_1_28' title="bbox 202 3569 1429 3654; baseline 0.001 -19"><span class='ocrx_word' id='word_1_241' title='bbox 202 3569 256 3636; x_wconf 92' lang='lat' dir='ltr'>illo</span> <span class='ocrx_word' id='word_1_242' title='bbox 280 3571 401 3636; x_wconf 90' lang='lat' dir='ltr'>iuniore</span> <span class='ocrx_word' id='word_1_243' title='bbox 423 3572 477 3652; x_wconf 86' lang='lat' dir='ltr'>qui</span> <span class='ocrx_word' id='word_1_244' title='bbox 499 3576 644 3652; x_wconf 87' lang='lat' dir='ltr'>vocatur,</span> <span class='ocrx_word' id='word_1_245' title='bbox 674 3571 838 3638; x_wconf 85' lang='lat' dir='ltr'>clarissimi</span> <span class='ocrx_word' id='word_1_246' title='bbox 864 3573 948 3637; x_wconf 92' lang='lat' dir='ltr'>illins</span> <span class='ocrx_word' id='word_1_247' title='bbox 970 3573 1017 3637; x_wconf 84' lang='lat' dir='ltr'>Pl.</span> <span class='ocrx_word' id='word_1_248' title='bbox 1040 3571 1223 3639; x_wconf 89' lang='lat' dir='ltr'>Philostrati</span> <span class='ocrx_word' id='word_1_249' title='bbox 1244 3573 1277 3637; x_wconf 94' lang='lat' dir='ltr'>II</span> <span class='ocrx_word' id='word_1_250' title='bbox 1305 3575 1429 3654; x_wconf 91' lang='lat' dir='ltr'>nepote.</span> 
     </span>
     <span class='ocr_line' id='line_1_29' title="bbox 204 3682 1430 3768; baseline 0.002 -22"><span class='ocrx_word' id='word_1_251' title='bbox 204 3682 353 3760; x_wconf 85' lang='lat' dir='ltr'>Quamvis</span> <span class='ocrx_word' id='word_1_252' title='bbox 384 3683 465 3747; x_wconf 90' lang='lat' dir='ltr'>enim</span> <span class='ocrx_word' id='word_1_253' title='bbox 488 3683 521 3746; x_wconf 91' lang='lat' dir='ltr'>in</span> <span class='ocrx_word' id='word_1_254' title='bbox 543 3683 661 3748; x_wconf 89' lang='lat' dir='ltr'>Lemno</span> <span class='ocrx_word' id='word_1_255' title='bbox 688 3684 791 3748; x_wconf 92' lang='lat' dir='ltr'>insula</span> <span class='ocrx_word' id='word_1_256' title='bbox 817 3688 942 3761; x_wconf 85' lang='lat' dir='ltr'>natum,</span> <span class='ocrx_word' id='word_1_257' title='bbox 971 3703 1027 3768; x_wconf 91' lang='lat' dir='ltr'>per</span> <span class='ocrx_word' id='word_1_258' title='bbox 1054 3683 1188 3750; x_wconf 91' lang='lat' dir='ltr'>multum</span> <span class='ocrx_word' id='word_1_259' title='bbox 1215 3687 1320 3749; x_wconf 89' lang='lat' dir='ltr'>tamen</span> <span class='ocrx_word' id='word_1_260' title='bbox 1346 3683 1430 3748; x_wconf 88' lang='lat' dir='ltr'>vitae</span> 
     </span>
     <span class='ocr_line' id='line_1_30' title="bbox 202 3791 1432 3876; baseline -0.001 -18"><span class='ocrx_word' id='word_1_261' title='bbox 202 3798 328 3876; x_wconf 90' lang='lat' dir='ltr'>tempus</span> <span class='ocrx_word' id='word_1_262' title='bbox 349 3793 481 3860; x_wconf 90' lang='lat' dir='ltr'>Athenis</span> <span class='ocrx_word' id='word_1_263' title='bbox 504 3811 576 3858; x_wconf 92' lang='lat' dir='ltr'>enm</span> <span class='ocrx_word' id='word_1_264' title='bbox 597 3799 754 3859; x_wconf 90' lang='lat' dir='ltr'>moratum</span> <span class='ocrx_word' id='word_1_265' title='bbox 776 3812 846 3861; x_wconf 91' lang='grc'>5555</span> <span class='ocrx_word' id='word_1_266' title='bbox 875 3799 1006 3861; x_wconf 87' lang='lat' dir='ltr'>constat.</span> <span class='ocrx_word' id='word_1_267' title='bbox 1052 3795 1143 3860; x_wconf 89' lang='lat' dir='ltr'>Unde</span> <span class='ocrx_word' id='word_1_268' title='bbox 1173 3793 1240 3860; x_wconf 87' lang='lat' dir='ltr'>veri</span> <span class='ocrx_word' id='word_1_269' title='bbox 1266 3791 1303 3859; x_wconf 89' lang='lat' dir='ltr'>fit</span> <span class='ocrx_word' id='word_1_270' title='bbox 1329 3792 1432 3859; x_wconf 89' lang='lat' dir='ltr'>simile</span> 
     </span>
     <span class='ocr_line' id='line_1_31' title="bbox 203 3901 1432 3993; baseline -0.001 -24"><span class='ocrx_word' id='word_1_271' title='bbox 203 3903 301 3986; x_wconf 88' lang='lat' dir='ltr'>huno,</span> <span class='ocrx_word' id='word_1_272' title='bbox 323 3905 442 3987; x_wconf 86' lang='lat' dir='ltr'>pariter</span> <span class='ocrx_word' id='word_1_273' title='bbox 463 3909 560 3988; x_wconf 89' lang='lat' dir='ltr'>atque</span> <span class='ocrx_word' id='word_1_274' title='bbox 581 3905 769 3972; x_wconf 83' lang='lat' dir='ltr'>avunculum</span> <span class='ocrx_word' id='word_1_275' title='bbox 792 3906 859 3972; x_wconf 90' lang='lat' dir='ltr'>eius</span> <span class='ocrx_word' id='word_1_276' title='bbox 882 3906 1108 3974; x_wconf 88' lang='lat' dir='ltr'>Philostratum</span> <span class='ocrx_word' id='word_1_277' title='bbox 1130 3906 1163 3972; x_wconf 94' lang='lat' dir='ltr'>II</span> <span class='ocrx_word' id='word_1_278' title='bbox 1185 3901 1361 3993; x_wconf 70' lang='grc' dir='ltr'>(Ἀθηναῖος</span> <span class='ocrx_word' id='word_1_279' title='bbox 1380 3903 1432 3969; x_wconf 87' lang='lat' dir='ltr'>hie</span> 
     </span>
     <span class='ocr_line' id='line_1_32' title="bbox 204 4017 1431 4103; baseline -0.002 -19"><span class='ocrx_word' id='word_1_280' title='bbox 204 4023 335 4084; x_wconf 87' lang='lat' dir='ltr'>vocatur</span> <span class='ocrx_word' id='word_1_281' title='bbox 357 4037 407 4101; x_wconf 91' lang='grc'>55.</span> <span class='ocrx_word' id='word_1_282' title='bbox 423 4017 558 4084; x_wconf 88' lang='lat' dir='ltr'>Hieroel.</span> <span class='ocrx_word' id='word_1_283' title='bbox 581 4023 614 4084; x_wconf 91' lang='lat' dir='ltr'>et</span> <span class='ocrx_word' id='word_1_284' title='bbox 635 4018 750 4088; x_wconf 88' lang='lat' dir='ltr'>Euseh.</span> <span class='ocrx_word' id='word_1_285' title='bbox 777 4039 807 4102; x_wconf 93' lang='grc'>5.</span> <span class='ocrx_word' id='word_1_286' title='bbox 831 4024 893 4085; x_wconf 87' lang='grc'>430</span> <span class='ocrx_word' id='word_1_287' title='bbox 916 4020 964 4086; x_wconf 92' lang='lat' dir='ltr'>ed.</span> <span class='ocrx_word' id='word_1_288' title='bbox 988 4019 1068 4103; x_wconf 87' lang='lat' dir='ltr'>Ol),</span> <span class='ocrx_word' id='word_1_289' title='bbox 1092 4017 1276 4084; x_wconf 88' lang='lat' dir='ltr'>Atheniensi</span> <span class='ocrx_word' id='word_1_290' title='bbox 1305 4017 1431 4082; x_wconf 89' lang='lat' dir='ltr'>civitate</span> 
     </span>
     <span class='ocr_line' id='line_1_33' title="bbox 205 4128 1431 4210; baseline -0.003 -15"><span class='ocrx_word' id='word_1_291' title='bbox 205 4130 355 4196; x_wconf 90' lang='lat' dir='ltr'>donatum</span> <span class='ocrx_word' id='word_1_292' title='bbox 377 4148 455 4196; x_wconf 90' lang='grc'>5555.</span> <span class='ocrx_word' id='word_1_293' title='bbox 495 4129 627 4208; x_wconf 87' lang='lat' dir='ltr'>Quando</span> <span class='ocrx_word' id='word_1_294' title='bbox 649 4134 755 4196; x_wconf 90' lang='lat' dir='ltr'>autem</span> <span class='ocrx_word' id='word_1_295' title='bbox 777 4129 988 4196; x_wconf 89' lang='lat' dir='ltr'>Philostratus</span> <span class='ocrx_word' id='word_1_296' title='bbox 1003 4130 1054 4195; x_wconf 93' lang='lat' dir='ltr'>III</span> <span class='ocrx_word' id='word_1_297' title='bbox 1075 4133 1169 4195; x_wconf 89' lang='lat' dir='ltr'>natus</span> <span class='ocrx_word' id='word_1_298' title='bbox 1184 4128 1226 4194; x_wconf 89' lang='lat' dir='ltr'>sit</span> <span class='ocrx_word' id='word_1_299' title='bbox 1241 4145 1431 4210; x_wconf 89' lang='lat' dir='ltr'>quamquam</span> 
     </span>
     <span class='ocr_line' id='line_1_34' title="bbox 204 4240 1431 4325; baseline -0.002 -20"><span class='ocrx_word' id='word_1_300' title='bbox 204 4258 269 4307; x_wconf 93' lang='lat' dir='ltr'>non</span> <span class='ocrx_word' id='word_1_301' title='bbox 290 4245 339 4306; x_wconf 88' lang='lat' dir='ltr'>est</span> <span class='ocrx_word' id='word_1_302' title='bbox 360 4241 533 4323; x_wconf 88' lang='lat' dir='ltr'>proditum,</span> <span class='ocrx_word' id='word_1_303' title='bbox 563 4241 636 4306; x_wconf 92' lang='lat' dir='ltr'>inde</span> <span class='ocrx_word' id='word_1_304' title='bbox 666 4245 771 4308; x_wconf 91' lang='lat' dir='ltr'>tamen</span> <span class='ocrx_word' id='word_1_305' title='bbox 799 4240 880 4308; x_wconf 87' lang='grc'>511151</span> <span class='ocrx_word' id='word_1_306' title='bbox 908 4245 1014 4324; x_wconf 87' lang='grc'>551551</span> <span class='ocrx_word' id='word_1_307' title='bbox 1040 4241 1124 4325; x_wconf 89' lang='lat' dir='ltr'>quod</span> <span class='ocrx_word' id='word_1_308' title='bbox 1153 4245 1194 4306; x_wconf 85' lang='grc'>24</span> <span class='ocrx_word' id='word_1_309' title='bbox 1216 4257 1315 4306; x_wconf 89' lang='grc'>55555</span> <span class='ocrx_word' id='word_1_310' title='bbox 1336 4242 1431 4303; x_wconf 88' lang='grc'>55155</span> 
     </span>
     <span class='ocr_line' id='line_1_35' title="bbox 205 4349 1430 4439; baseline -0.002 -22"><span class='ocrx_word' id='word_1_311' title='bbox 205 4352 245 4418; x_wconf 84' lang='grc'>50</span> <span class='ocrx_word' id='word_1_312' title='bbox 260 4351 448 4434; x_wconf 89' lang='lat' dir='ltr'>imperatore</span> <span class='ocrx_word' id='word_1_313' title='bbox 464 4351 626 4422; x_wconf 82' lang='lat' dir='ltr'>Caracalla</span> <span class='ocrx_word' id='word_1_314' title='bbox 644 4351 806 4439; x_wconf 66' lang='grc' dir='ltr'><em>»ἀτελειᾳα</em></span> <span class='ocrx_word' id='word_1_315' title='bbox 824 4353 958 4419; x_wconf 92' lang='lat' dir='ltr'>donatus</span> <span class='ocrx_word' id='word_1_316' title='bbox 974 4371 1042 4419; x_wconf 90' lang='lat' dir='ltr'>esse</span> <span class='ocrx_word' id='word_1_317' title='bbox 1058 4352 1180 4418; x_wconf 89' lang='lat' dir='ltr'>dicitur.</span> <span class='ocrx_word' id='word_1_318' title='bbox 1214 4349 1350 4416; x_wconf 92' lang='lat' dir='ltr'>Proinde</span> <span class='ocrx_word' id='word_1_319' title='bbox 1363 4349 1430 4415; x_wconf 89' lang='lat' dir='ltr'>eius</span> 
     </span>
     <span class='ocr_line' id='line_1_36' title="bbox 205 4444 1432 4546; baseline -0.003 -18"><span class='ocrx_word' id='word_1_320' title='bbox 205 4463 320 4529; x_wconf 87' lang='lat' dir='ltr'>natalis</span> <span class='ocrx_word' id='word_1_321' title='bbox 342 4483 442 4530; x_wconf 89' lang='lat' dir='ltr'>annus</span> <span class='ocrx_word' id='word_1_322' title='bbox 464 4463 574 4529; x_wconf 86' lang='lat' dir='ltr'>incidit</span> <span class='ocrx_word' id='word_1_323' title='bbox 594 4444 678 4528; x_wconf 88' lang='lat' dir='ltr'>intra</span> <span class='ocrx_word' id='word_1_324' title='bbox 700 4481 798 4530; x_wconf 88' lang='lat' dir='ltr'>annos</span> <span class='ocrx_word' id='word_1_325' title='bbox 823 4469 1006 4540; x_wconf 84' lang='grc'>189-194,</span> <span class='ocrx_word' id='word_1_326' title='bbox 1034 4463 1119 4546; x_wconf 86' lang='lat' dir='ltr'>qnod</span> <span class='ocrx_word' id='word_1_327' title='bbox 1140 4481 1203 4528; x_wconf 93' lang='lat' dir='ltr'>non</span> <span class='ocrx_word' id='word_1_328' title='bbox 1219 4465 1340 4544; x_wconf 85' lang='lat' dir='ltr'>pugnat</span> <span class='ocrx_word' id='word_1_329' title='bbox 1360 4477 1432 4526; x_wconf 90' lang='lat' dir='ltr'>eum</span> 
     </span>
     <span class='ocr_line' id='line_1_37' title="bbox 207 4572 1429 4658; baseline -0.003 -16"><span class='ocrx_word' id='word_1_330' title='bbox 207 4575 363 4642; x_wconf 87' lang='lat' dir='ltr'>sententia</span> <span class='ocrx_word' id='word_1_331' title='bbox 377 4580 495 4658; x_wconf 86' lang='lat' dir='ltr'>nostra,</span> <span class='ocrx_word' id='word_1_332' title='bbox 513 4593 575 4656; x_wconf 92' lang='grc'>555</span> <span class='ocrx_word' id='word_1_333' title='bbox 590 4593 653 4642; x_wconf 89' lang='grc'>555</span> <span class='ocrx_word' id='word_1_334' title='bbox 665 4575 822 4641; x_wconf 87' lang='lat' dir='ltr'>diversum</span> <span class='ocrx_word' id='word_1_335' title='bbox 833 4594 905 4642; x_wconf 90' lang='lat' dir='ltr'>eum</span> <span class='ocrx_word' id='word_1_336' title='bbox 917 4594 987 4642; x_wconf 86' lang='lat' dir='ltr'>esse</span> <span class='ocrx_word' id='word_1_337' title='bbox 1001 4575 1041 4643; x_wconf 91' lang='lat' dir='ltr'>ab</span> <span class='ocrx_word' id='word_1_338' title='bbox 1052 4576 1105 4642; x_wconf 95' lang='lat' dir='ltr'>illo</span> <span class='ocrx_word' id='word_1_339' title='bbox 1118 4576 1267 4642; x_wconf 88' lang='lat' dir='ltr'>archonte</span> <span class='ocrx_word' id='word_1_340' title='bbox 1276 4572 1429 4642; x_wconf 88' lang='lat' dir='ltr'>volumus.</span> 
     </span>
    </p>
   </div>
   <div class='ocr_carea' id='block_1_9' title="bbox 0 0 1723 5326">
    <p class='ocr_par' dir='ltr' id='par_1_10' title="bbox 0 0 1723 5326">
     <span class='ocr_line' id='line_1_38' title="bbox 0 0 1723 5326; baseline 0 0"><span class='ocrx_word' id='word_1_341' title='bbox 0 0 1723 5326; x_wconf 95' lang='lat' dir='ltr'> </span> 
     </span>
    </p>
   </div>
  </div>
 </body>
</html>
