3418 5340
827 400 1038 468 *db-.-

320 589 498 667 occurrunt,
513 583 642 656 Λεύκιος
655 589 688 652 01
709 585 897 676 ’Enixa-pror,
920 605 1053 672 quorum
1075 588 1127 655 ille
1143 588 1305 655 minimum
1319 595 1393 669 tres,
1416 591 1467 660 hic
1484 593 1542 658 mi·

320 698 439 764 nimum
459 698 603 766 undecim
625 717 723 765 annos
745 701 778 768 in
806 718 935 767 munere
961 699 1030 768 1111.
1084 701 1126 766 Et
1158 702 1317 784 proximus
1350 702 1476 784 quidem
1509 704 1542 778 in

320 809 524 892 paedotribae
544 829 658 876 munus
674 809 852 878 Abascanto
874 811 1000 878 videtur
1021 811 1208 880 successisse
1230 811 1357 884 Λεύκιος
1371 812 1501 878 Λευκίου
1523 815 1544 876 0‘

321 923 370 985 καὶ
390 921 526 1008 Μάρκος
547 919 773 1008 Μαραθώνιος,
803 922 857 1006 qui
889 922 923 989 in
944 923 993 990 tit.
1018 921 1081 987 dial.
1104 924 1158 1005 IV,
1195 929 1265 1005 168,
1288 929 1306 989 2
1331 926 1460 1007 (archon
1495 930 1544 992 cst

321 1033 449 1122 Βιήσιος
468 1031 591 1097 Πείσων
624 1031 787 1108 Μελιτεύς,
822 1039 960 1101 cosmeta
987 1034 1060 1121 Αὔρ.
1086 1034 1184 1100 Φίλων
1206 1034 1381 1122 Πειραιεὺς)
1415 1037 1543 1104 tertium

321 1162 437 1210 annum
460 1142 594 1210 officium
617 1141 822 1210 administrat.
857 1145 962 1230 Atque
983 1147 1109 1212 omnino
1131 1151 1203 1230 post
1225 1147 1438 1214 Abascantum
1460 1148 1543 1214 hunc

321 1255 537 1342 paedotribam
564 1273 694 1322 munere
720 1255 863 1322 functum
885 1274 954 1324 esse
976 1257 1089 1324 docent
1111 1259 1261 1330 sollennia
1284 1257 1489 1346 Φιλαδέλφεια
1512 1261 1542 1326 in

321 1365 498 1432 Philistoris
509 1365 602 1432 titulo
611 1366 680 1446 (IV,
690 1366 760 1443 168,
770 1367 996 1451 amendata
1010 1387 1090 1451 quae
1100 1368 1381 1437 inAureliietVeri
1395 1371 1544 1440 honorem

321 1478 467 1544 instituta
479 1494 548 1544 esse
558 1475 640 1544 inira
652 1477 832 1544 docebimus
846 1477 898 1558 (01.
911 1477 989 1562 (lap.
998 1480 1061 1563 II);
1076 1480 1184 1561 itaque
1196 1498 1266 1546 cum
1278 1486 1363 1548 certo
1375 1482 1416 1546 ad
1428 1500 1544 1548 annum

324 1595 382 1654 171
405 1589 602 1656 Abascantus
624 1589 691 1672 ipse
712 1589 775 1655 iam
796 1590 830 1655 in
851 1609 980 1657 munere
995 1595 1087 1672 esset,
1110 1590 1244 1657 Leucius
1266 1596 1416 1658 nonanta
1437 1611 1465 1658 a.
1484 1595 1543 1657 171

321 1701 507 1784 paedotriba
528 1699 596 1766 luit.
637 1701 806 1768 Praeterea
827 1702 860 1768 in
874 1701 922 1768 tit.
944 1701 1120 1769 Philistoris
1137 1701 1203 1785 (IV,
1230 1706 1298 1785 168,
1322 1703 1354 1786 2)
1371 1705 1545 1787 complures

320 1813 462 1880 homines
484 1811 667 1880 muneribus
689 1812 876 1894 quibusdam
898 1812 1064 1900 fungentes
1087 1820 1284 1896 comparent,
1317 1816 1371 1896 qui
1393 1817 1451 1882 sub
1477 1816 1545 1898 ipso

322 1927 499 1994 Abascanto
522 1925 649 1992 fuerunt
670 1927 798 2008 ephebi3
821 1927 860 1992 de
877 1946 938 2010 quo
960 1925 1042 1992 infra
1063 1925 1190 1992 docebo.
1229 1925 1310 2005 Quid
1324 1926 1444 1992 multa?
1466 1926 1545 1992 Leu-

322 2039 403 2105 cium
426 2038 615 2105 successisse
641 2038 820 2106 Abascanto
849 2040 973 2106 omnino
1002 2055 1065 2104 non
1086 2042 1194 2121 potest
1215 2039 1360 2105 dubitari.
1406 2038 1469 2106 Sed
1491 2057 1547 2106 cur

321 2151 460 2234 proxime
482 2151 670 2218 successerit
691 2151 800 2234 quaeri
825 2156 958 2234 oportet.
1002 2151 1140 2216 Primum
1162 2150 1245 2216 inter
1266 2150 1418 2218 sollennia
1439 2151 1471 2216 in
1493 2150 1546 2216 illo

229 2275 232 2282 '
321 2261 497 2328 Philistoris
525 2262 573 2328 tit.
602 2281 665 2328 11011
693 2265 897 2328 recensentur
922 2253 1106 2347 Koppduaa
1135 2261 1389 2348 11111Σεβήρεια,
1412 2262 1547 2349 quaein

321 2375 548 2458 posterioribus
571 2373 684 2454 tituliS,
708 2372 764 2439 sed
785 2376 909 2436 tantum
932 2367 1109 2449 Ἀντινόεια,
1132 2372 1300 2459 Ἆὸριάνεια
1330 2371 1547 2459 Φιλαδέλφεια,

322 2484 533 2572 Γερμανίκεια,
556 2503 637 2568 quae
655 2487 767 2550 cuncta
782 2488 905 2565 tempus
920 2485 1005 2565 quod
1021 2488 1157 2551 estante
1173 2483 1377 2551 Commodum
1399 2485 1547 2553 indicant.

324 2595 386 2664 Sed
401 2597 499 2664 multo
514 2597 585 2680 plus
600 2597 684 2663 valet
698 2597 739 2662 ad
755 2596 1032 2663 demonstrandum
1048 2597 1121 2662 hoc:
1143 2597 1177 2662 in
1193 2597 1245 2663 illo
1263 2597 1438 2663 Philistoris
1455 2598 1547 2664 titulo

321 2709 406 2774 inter
426 2708 726 2793 hyposophronistas
752 2713 912 2790 comparet
927 2705 1132 2794 Ἀλέξανδρος
1153 2707 1333 2798 Ἀχωρίστου
1355 2707 1548 2797 Masabadan

322 2821 405 2888 idem
416 2821 498 2887 redit
508 2821 541 2886 in
552 2821 600 2886 tit.
616 2819 743 2902 1101111,
756 2823 829 2902 272,
843 2826 871 2902 3,
890 2839 972 2886 anno
986 2821 1174 2902 1920011110
1189 2820 1239 2903 (ci.
1252 2820 1326 2904 Cap.
1337 2820 1418 2905 XV),
1433 2821 1547 2904 paedo-

323 2932 406 2999 triba
416 2931 572 3015 Epicteto,
593 2936 625 2998 et
636 2936 685 2999 est
695 2931 739 2998 ibi
753 2933 815 2998 iam
834 2930 971 3020 ἡγεμών.
994 2932 1070 2998 Inde
1081 2935 1179 3014 patet,
1192 2932 1224 2996 id
1237 2932 1320 3015 quod
1332 2931 1547 2998 demonstrare

322 3043 494 3125 voluimus,
516 3043 667 3109 Leucium
689 3049 763 3111 ante
785 3043 965 3126 Epictetum
993 3041 1090 3108 inisse
1111 3041 1328 3125 paedotribam
1350 3047 1547 3126 perpetuum.

324 3154 424 3220 Simul
456 3155 530 3220 inde
558 3153 691 3220 efficitur
719 3155 798 3220 haut
824 3173 942 3238 paucos
969 3172 1067 3220 annos
1094 3153 1348 3219 intermittendos
1378 3172 1448 3220 esse
1469 3155 1550 3220 inter

324 3272 492 3347 utrumque
509 3265 687 3332 Philistoris
709 3265 845 3330 titulum.
890 3265 971 3332 Nam
993 3284 1032 3330 en
1052 3263 1336 3348 hyposophronista
1357 3263 1436 3331 haut
1459 3265 1551 3333 facile

324 3376 395 3460 quis
416 3375 524 3440 statim
545 3368 706 3464 ἡγεμόνος
727 3393 840 3441 munus
863 3375 968 3442 subire
990 3375 1121 3456 solebat,
1143 3375 1227 3458 quod
1250 3375 1376 3456 quidem
1399 3395 1437 3442 cx
1459 3375 1549 3459 ephe·

323 3487 401 3554 bicis
432 3485 534 3553 titulis
566 3488 620 3568 qui
653 3489 778 3554 exstant
811 3488 913 3569 possit
940 3487 1057 3570 colligi3
1090 3505 1213 3569 semper
1240 3487 1322 3552 enim
1356 3487 1551 3568 aliquantum

324 3599 473 3682 temporis
500 3600 637 3682 spatium
665 3600 860 3667 intercedere
887 3599 1043 3680 videmus,
1077 3617 1148 3665 eum
1177 3599 1247 3681 quis
1276 3618 1314 3664 ex
1341 3597 1552 3681 hyposophro-

322 3713 407 3778 nista
427 3710 465 3777 fit
486 3712 684 3796 sophronista
711 3713 826 3778 nedum
848 3709 985 3800 ἡγεμών.
1029 3711 1117 3776 idem
1138 3715 1245 3776 autem
1275 3709 1327 3776 ille
1345 3705 1549 3794 Ἀλέξανδρος

317 3822 503 3915 Ἀχωρίστον
531 3822 707 3912 Haemodae<
734 3825 767 3888 in
796 3823 845 3888 eit.
880 3820 944 3888 dcl.
976 3823 1035 3903 III,
1065 3827 1136 3901 444,
1162 3826 1177 3885 1
1201 3821 1285 3886 inter
1307 3821 1445 3902 ephebos
1466 3820 1551 3885 inve·

324 3936 418 4002 nitur'
431 3955 513 4003 anno
538 3940 615 4020 1653
644 3935 751 4016 itaque
780 3952 850 4000 cum
880 3933 987 4000 decem
1008 3932 1073 3999 iere
1103 3932 1192 3998 annis
1214 3936 1287 4012 post
1309 3933 1433 3998 demum
1455 3931 1552 4013 hypo·

324 4048 556 4130 sophronistam
582 4067 653 4114 eum
678 4047 795 4114 sactum
819 4063 997 4126 censemus,
1027 4063 1090 4112 non
1111 4045 1245 4109 multum
1274 4044 1313 4110 ab
1336 4061 1411 4110 vero
1433 4047 1489 4108 aut
1511 4041 1552 4108 ab

323 4160 436 4226 harum
457 4177 563 4226 rernm
585 4177 645 4224 usu
659 4158 807 4226 recedere
829 4157 918 4224 nobis
942 4155 1093 4222 videmur.
1127 4155 1405 4234 Deducimnrergo
1421 4153 1503 4219 cirea
1517 4151 1550 4216 in

206 4323 208 4326 -
325 4292 352 4338 a.
379 4277 448 4348 175,
470 4271 517 4338 ita
538 4276 575 4336 ut
589 4271 713 4336 circiter
739 4275 776 4334 17
792 4268 883 4335 annis
905 4273 977 4351 post
991 4266 1115 4332 demum
1137 4264 1294 4354 ἡγεμόνος
1308 4267 1442 4348 gradum
1457 4263 1553 4345 digni-

324 4383 399 4450 tatis
421 4383 453 4448 in
475 4381 636 4466 gymnasio
659 4381 838 4449 obtinuerit.
884 4380 972 4459 Quae
988 4378 1069 4446 ratio
1086 4377 1262 4444 confirmari
1279 4377 1403 4442 videtur
1423 4376 1483 4442 hac
1504 4394 1554 4441 re:

324 4495 357 4562 in
378 4495 431 4562 illo
446 4493 623 4560 Philistoris
645 4492 737 4560 titulo
757 4493 825 4576 (IV,
850 4497 920 4572 168,
944 4496 976 4572 2)
991 4491 1150 4558 invenitur
1172 4486 1298 4576 ἡγεμὼν
1313 4485 1366 4549 111.
1382 4483 1557 4572 Σωκράτης
1694 4537 1695 4590 3

324 4603 559 4693 Μαραθώνιος
588 4604 672 4672 idem
696 4603 729 4672 iu
759 4605 793 4672 6.
823 4605 849 4672 Ι.
879 4607 942 4670 272
971 4621 1052 4674 anno
1084 4599 1255 4668 16310611
1284 4602 1320 4664 ut
1346 4595 1554 4679 sophronista-
