3436 5326
805 425 1037 492 -144-

620 612 681 697 Τιβ.
704 613 820 680 Κλούδ.
844 612 1004 702 Λεωνίδης
1025 613 1065 697 (Ι)
1090 611 1247 702 δᾳδοῦχος

619 835 681 920 Τιβ.
704 834 818 900 Arado.
847 721 1007 922 Λυσιάδης
1029 834 1071 918 (I)
1096 832 1253 921 δᾳδοῦχος
1429 897 1433 905 .

621 1059 683 1144 Τιβ.
706 1059 820 1124 Κλούδ.
844 944 974 1130 ΣῶσπιςΙ
995 1057 1152 1147 δᾳδοῦχος

309 1352 401 1403 (ushan
414 1352 437 1392 tn
451 1351 511 1392 Phil.
525 1351 568 1399 111,
582 1352 628 1401 282,
644 1353 665 1394 2.
966 1350 975 1472 Ι

309 1424 332 1462 et
345 1421 402 1472 apud
414 1421 559 1463 Lenormant.
573 1421 589 1461 1.
603 1418 631 1473 1.)

733 1497 796 1582 Τιβ.
820 1496 873 1562 ld.
895 1496 1057 1586 Δοσιοίδης
1078 1496 1154 1582 (ΙΙΙ)

797 1607 831 1660 (in
844 1608 939 1658 Ephem.
956 1609 1017 1650 arch.
1033 1609 1080 1658 521)

394 1723 472 1789 Inde
493 1725 625 1789 stemma
647 1721 731 1802 quod
753 1719 927 1787 Boeckhius
950 1722 991 1787 ad
1014 1721 1047 1788 O.
1070 1721 1096 1787 Ι.
1121 1723 1182 1786 385
1206 1719 1248 1785 ΙΙ.
1278 1717 1446 1785 divinando
1474 1736 1538 1784 ma-

309 1833 357 1916 gis
379 1832 556 1900 confecerat
577 1853 648 1900 cum
671 1837 805 1916 augetur
827 1839 893 1898 tum
916 1832 1050 1899 maxime
1072 1816 1285 1899 confirmatur.

394 1945 440 2013 Ut
461 1945 502 2010 ad
517 1945 685 2028 Lysiudcm
706 1945 806 2012 nostri
828 1943 938 2010 indicis
953 1946 1090 2026 redeam,
1113 1944 1218 2010 nescio
1234 1963 1279 2036 an¹
1289 1940 1341 2008 iile
1356 1941 1507 2025 Lysiades
1522 1941 1539 2006 1

313 2057 363 2122 hic
391 2055 620 2138 intellegendus
651 2057 693 2122 sit
720 2056 845 2122 archon.
891 2056 948 2120 Illo
978 2061 1118 2137 tempore
1144 2074 1241 2138 penes
1270 2072 1386 2138 paucas
1416 2059 1539 2119 tantum

313 2163 447 2232 familias
476 2185 600 2250 semper
628 2165 726 2235 fuisse
759 2168 905 2250 imperia,
938 2169 1158 2250 magistratus,
1193 2169 1328 2250 danique
1360 2166 1540 2250 dignitates

318 2277 408 2361 quasi
429 2277 604 2346 hereditate
626 2278 760 2361 relictas,
783 2279 861 2346 satis
883 2280 996 2346 decent
1017 2280 1110 2345 tituli.
1184 2289 1186 2293 '

399 2386 456 2452 Ad
470 2413 499 2454 a.
517 2391 571 2456 38.
604 2389 711 2479 Δημῆ
722 2413 841 2477 apros,
857 2391 983 2474 ignotus
995 2391 1107 2458 adhuc.
1137 2390 1218 2457 Nam
1232 2391 1348 2457 archon
1361 2389 1539 2456 Demetrius

316 2501 349 2566 in
371 2500 419 2566 tit.
442 2500 563 2566 Philist.
581 2501 606 2583 Ι,
628 2506 701 2585 post
721 2521 793 2585 pag.
817 2506 867 2584 58,
891 2506 909 2566 2
932 2501 993 2569 huc
1014 2521 1077 2568 non
1099 2502 1194 2584 cadit,
1215 2502 1271 2568 sed
1292 2500 1397 2584 paullo
1419 2506 1469 2568 est
1490 2520 1539 2567 ve·

316 2613 437 2679 iustior.
460 2649 501 2660 -
529 2614 567 2679 In
589 2612 625 2680 0.
647 2615 672 2680 l.
698 2619 758 2682 195
787 2619 874 2681 extat
900 2613 949 2678 ἐπὶ
978 2613 1130 2704 ἄρχοντος
1149 2613 1224 2702 sup.
1247 2612 1314 2702 App
1329 2659 1477 2690 .......
1506 2617 1541 2680 at

311 2723 561 2808 supplementum
588 2731 637 2792 est
664 2725 828 2794 incertum.
855 2761 899 2773 -—
926 2727 1021 2807 Apud
1043 2724 1142 2792 Beue
1171 2725 1190 2790 l.
1216 2725 1236 2790 1.
1265 2745 1336 2809 pag.
1363 2730 1437 2806 174,
1466 2727 1537 2808 202,

310 2843 382 2921 225,
405 2843 476 2921 249,
499 2841 633 2923 saepius.

395 2949 451 3014 Ad
471 2974 502 3014 a.
525 2953 576 3035 39,
614 2951 861 3041 Δημοχάρχς.
899 2951 1024 3018 Archon
1040 2951 1250 3018 Demochares
1274 2955 1423 3033 conparet
1444 2949 1540 3016 etiam

310 3062 393 3145 apud
416 3061 632 3145 Rhusopulum
656 3064 839 3146 (κατάλογος
860 3069 922 3128 τῶν
945 3063 978 3127 ἐν
1001 3060 1143 3154 Ἀθήναις
1164 3062 1341 3148 γενομένων
1364 3060 1540 3150 ἀρχόντων)

310 3174 342 3238 in
365 3172 432 3238 eius
454 3172 534 3240 libro
559 3173 759 3262 »ἐγχειρίδιον
782 3179 837 3262 τῆς
864 3175 1022 3264 ἑλληνικῆς
1049 3174 1296 3264 ἀρχοιολοχίος,«
1322 3169 1423 3262 'Adara
1449 3175 1539 3256 1861,

309 3305 340 3368 p.
367 3288 426 3349 169
449 3300 516 3366 sqq.
562 3285 624 3350 Sed
646 3285 730 3352 unde
752 3287 872 3353 eruerit
892 3287 1018 3370 ignoro,
1048 3305 1119 3354 cum
1140 3287 1224 3352 illius
1253 3285 1326 3352 libri
1355 3284 1540 3368 inspiciendi

311 3395 400 3478 copia
422 3396 498 3462 mihi
519 3415 581 3462 non
604 3395 688 3462 iacta
709 3399 760 3464 sit.
782 3434 826 3446 -—
847 3399 941 3481 Apud
963 3397 1062 3466 Beue
1083 3418 1114 3482 p.
1138 3403 1210 3481 281,
1235 3402 1308 3464 346.

395 3505 451 3570 Ad
472 3530 502 3575 ο.
525 3509 576 3576 dt.
599 3510 651 3574 12.
674 3508 727 3575 23.
774 3507 820 3576 uf.
844 3529 941 3593 supra
962 3510 1003 3576 ad
1025 3529 1053 3576 a.
1077 3515 1128 3576 21.

395 3616 452 3682 Ad
473 3643 502 3684 a.
527 3621 578 3684 dd.
624 3619 839 3703 supplendum
860 3620 1145 3709 Πνδαχ[όρ]ας.

394 3729 452 3794 Ad
469 3754 498 3796 a.
522 3733 573 3798 15.
607 3727 860 3821 Ἀντίπατρος.
894 3733 933 3801 cf.
956 3753 1060 3818 supra.
1098 3735 1147 3802 Ab
1169 3733 1228 3802 hoc
1249 3734 1408 3818 archonte,
1431 3735 1486 3817 qui
1501 3753 1539 3801 ex

310 3842 483 3925 Phlegonte
504 3843 654 3921 innotuit,
680 3863 749 3912 meu
771 3846 885 3913 iudicio
907 3865 970 3914 non
992 3848 1135 3914 diversus
1158 3852 1207 3914 est
1228 3847 1395 3930 Antipater
1421 3847 1538 3914 archon

310 3954 476 4020 titulorum
499 3955 552 4037 qui
574 3957 701 4022 suntin
724 3956 759 4022 G.
782 3958 807 4023 1.
831 3961 908 4039 282,
936 3958 1055 4024 Philist.
1080 3959 1134 4036 IV,
1157 3963 1207 4034 73,
1232 3964 1260 4035 1,
1287 3958 1437 4026 Halliseh.
1460 3958 1537 4024 Litt.

311 4067 345 4132 Z.
370 4070 454 4132 1844
475 4065 550 4132 Dee.
578 4085 649 4150 pag.
674 4071 745 4133 651.
790 4068 895 4152 Atque
917 4068 1109 4154 Bocchhium
1131 4069 1257 4150 quidem
1278 4071 1455 4140 litterarum
1477 4068 1540 4137 ior·

311 4196 380 4243 mae
403 4182 436 4243 et
457 4177 642 4244 sollennium
661 4177 936 4246 Germaniceorum
958 4179 1075 4246 mentio
1098 4186 1321 4246 conmoverunt
1348 4186 1385 4248 ut
1411 4181 1539 4248 titulum

312 4288 346 4355 G.
375 4288 400 4353 1.
424 4292 485 4353 282
515 4287 676 4357 Caracalla
702 4309 766 4357 non
793 4291 1000 4373 antiquiorem
1028 4309 1098 4357 esse
1126 4297 1276 4358 censeret.
1327 4291 1460 4360 Secutus
1489 4298 1539 4360 est

312 4418 381 4469 eam
403 4401 591 4466 sententiam
613 4402 750 4469 Meierus
777 4403 809 4468 in
832 4403 950 4470 comm.
980 4403 1077 4486 epigr.
1104 4421 1177 4485 pag.
1201 4408 1253 4468 80.
1298 4401 1361 4468 Sed
1388 4403 1428 4470 de
1452 4403 1536 4470 iliius

312 4512 460 4595 temporis
482 4513 639 4596 scriptura
660 4514 768 4581 videas
783 4532 864 4596 quae
878 4533 950 4597 pag.
966 4520 1008 4580 40
1024 4514 1167 4580 diximus.
1201 4513 1406 4582 Germanieea
1421 4520 1536 4594 autem,

313 4625 443 4694 docente
464 4624 555 4692 titulo
576 4625 698 4693 Philist.
721 4627 780 4705 111,
805 4632 876 4704 350,
907 4630 993 4694 certo
1020 4627 1082 4692 iam
1109 4643 1191 4692 anno
1216 4631 1273 4692 111
1303 4627 1362 4694 sub
1390 4613 1553 4696 archonte¹
