3418 5340
679 379 891 445 ..67-

255 569 405 636 Redimus
427 569 468 635 ad
489 572 630 636 nostram
651 567 894 653 inscriptionem

262 679 297 746 V.
321 683 374 746 36.
418 681 473 743 τοῦ
487 680 567 766 περὶ
589 679 685 768 ἀλκῆς
706 687 764 760 (sc
794 679 930 762 ἀγῶνος)
953 677 1088 751 Πόπλιος
1108 679 1208 752 Αἴλιος
1228 681 1400 772 Κορνήλιος

169 795 203 858 et
233 789 372 874 Φλάβιος
399 791 558 877 Μαρεῖνος
586 789 833 862 Παιανιεύς-
865 790 964 875 Saepe
995 792 1131 860 occurrit
1116 793 1177 860 to
1205 795 1276 879 περὶ
1306 793 1402 883 ἀλκῆς

170 903 267 986 ἀγών.
306 904 374 971 Ηοο
395 903 470 970 ludo
492 904 630 970 omnium
652 903 785 971 lortasse
800 905 991 988 epheborum
1005 903 1123 972 fiebant
1136 906 1299 990 gymnicae
1314 926 1400 974 exer-

172 1017 348 1098 citationes,
372 1017 487 1098 quibus
509 1017 586 1098 quid
607 1016 740 1100 quisque
761 1023 869 1100 posset
890 1017 1106 1085 demonstrare
1127 1023 1261 1102 poterat.

264 1125 317 1191 Vc.
335 1129 388 1194 39.
422 1125 578 1214 Γερμον
588 1125 695 1192 cacia
705 1152 730 1194 ν.
762 1129 970 1210 agonothetae
984 1148 1097 1196 nomen
1112 1134 1203 1198 vacat
1219 1148 1321 1212 neque
1337 1150 1401 1197 om-

176 1239 251 1305 nino
266 1239 437 1323 quidquam
459 1257 505 1306 vs.
528 1243 569 1305 40
591 1240 742 1323 scriptum
763 1239 833 1306 fuit.
877 1241 991 1324 Itaque
1013 1240 1158 1324 colligere
1179 1241 1253 1308 licet
1275 1243 1400 1310 omnino

175 1351 299 1416 nullum
321 1369 358 1417 eo
382 1369 464 1418 anno
485 1351 579 1418 huius
601 1349 673 1418 festi
695 1351 792 1419 luisse
815 1351 1054 1437 agonothetam,
1078 1351 1149 1419 idco
1171 1351 1305 1420 fortasse
1327 1355 1401 1438 quia

173 1461 254 1528 illud
275 1462 392 1528 festum
412 1463 524 1531 nimios
547 1469 690 1548 sumptus
713 1465 915 1532 desiderabat
937 1465 998 1548 (ef.
1020 1485 1091 1549 pag.
1115 1467 1191 1551 60.).
1228 1467 1402 1546 Quadrato-

173 1575 256 1652 rius‚
287 1577 338 1642 cui
365 1575 398 1640 hi
426 1575 561 1659 catalogi
587 1576 782 1660 insculpendi
810 1577 1035 1654 tradebantur,
1066 1579 1145 1645 adeo
1176 1598 1269 1663 saepe
1299 1578 1402 1645 omnia

173 1686 229 1752 illa
249 1685 403 1754 festorum
423 1688 550 1754 nomina
571 1687 763 1756 inscribebat
784 1687 942 1770 lapidibus
964 1693 1001 1754 ut
1022 1689 1050 1756 si
1071 1691 1197 1771 quando
1223 1690 1326 1756 minus
1348 1691 1402 1756 ad·

175 1803 286 1865 curate
307 1800 502 1882 propositum
524 1799 675 1882 scriptum
696 1799 884 1883 inspexerat,
907 1799 999 1866 facile
1021 1820 1059 1867 ex
1081 1803 1229 1868 memoria
1247 1802 1314 1868 eius
1329 1801 1403 1869 iesti

173 1929 287 1976 nomen
308 1911 498 1994 insculperet
519 1911 604 1995 quod
625 1931 688 1977 non
709 1913 860 1995 scriptum
889 1918 958 1979 erat
984 1914 1017 1979 in
1046 1911 1230 1998 proposito.1
1275 1913 1402 1980 (leriam

173 2021 258 2086 enim
278 2023 436 2102 quandam
456 2022 570 2088 horum
591 2021 743 2089 festorum
764 2025 918 2090 rationem
940 2029 1035 2106 atque
1057 2025 1198 2092 ordinem
1219 2025 1333 2107 fuisse,
1365 2045 1403 2092 ex

174 2149 237 2212 quo
261 2133 331 2215 quis
353 2151 421 2199 rem
443 2133 598 2215 explicare
620 2134 704 2212 velit,
727 2134 827 2200 titulis
850 2153 913 2200 non
936 2137 1154 2220 conprobatur.
1198 2136 1295 2202 Plane
1322 2137 1403 2202 alius

173 2243 244 2309 aliis
265 2244 299 2308 in
320 2244 471 2328 catalogis
493 2263 615 2328 semper
637 2251 685 2312 est
711 2245 797 2312 ordo.
841 2248 1037 2331 Quamquam
1065 2249 1114 2315 vel
1143 2249 1190 2316 sio
1219 2267 1270 2314 res
1298 2253 1404 2331 potest

175 2355 338 2438 explicari:
372 2355 405 2421 in
433 2357 593 2438 proposito
621 2357 829 2439 agonothetae
858 2377 972 2426 nomen
999 2379 1110 2443 parum
1140 2359 1223 2426 clare
1252 2359 1405 2442 scriptum

176 2473 261 2547 erat;
290 2469 395 2534 omisit
422 2487 496 2550 ergo
518 2468 753 2549 quadratarius,
784 2487 820 2535 eo
846 2471 965 2538 scilicet
993 2471 1122 2538 consilio
1144 2477 1180 2537 ut
1201 2476 1313 2552 postea
1334 2489 1404 2553 cog-

175 2579 279 2644 nitum
300 2598 413 2646 nomen
435 2579 563 2646 relictae
584 2580 715 2646 lacunae
737 2580 937 2663 insculperet,
959 2582 1015 2650 sed
1037 2583 1151 2650 oblitus
1174 2589 1232 2650 est.
1268 2583 1404 2649 Prorsus

180 2690 290 2756 eodem
322 2691 414 2757 modo
443 2690 663 2757 videturesse
693 2676 920 2772 expediendum
950 2696 1034 2774 quod
1061 2695 1093 2760 in
1121 2695 1169 2761 tit.
1202 2691 1266 2758 Φιλ.
1289 2694 1306 2759 I
1333 2699 1405 2776 post

177 2821 249 2885 pag.
274 2806 323 2879 56,
348 2807 363 2867 l
388 2801 504 2885 legitur
524 2819 570 2867 vs.
595 2806 645 2883 59,
668 2803 720 2865 τὸν
743 2804 921 2893 ὁπλομάχην
946 2797 1115 2892 Ἡρόδοτον
1139 2853 1402 2872 .........

174 2913 329 2991 Εἶτεαῖον,
352 2919 385 2980 et
406 2933 451 2980 vs,
469 2919 509 2980 60
524 2913 644 3002 ἀφέτην
658 2912 790 2978 Καλλίαν
814 2963 1045 2982 ........
1068 2915 1208 3000 Αἰγιλιέα.
1245 2915 1402 2998 Expresso

174 3025 220 3092 ibi
241 3025 374 3092 adnotat
396 3025 595 3092 Cumanudes
617 3029 729 3092 neutro
752 3027 784 3092 in
806 3045 900 3093 vorsu
921 3027 1092 3111 quidquam
1106 3029 1291 3112 inscriptum
1305 3027 1402 3092 luisse

173 3137 315 3204 lacunae.
349 3137 428 3205 Cum
443 3157 517 3205 roro
539 3142 645 3205 cetera
666 3157 747 3220 quae
767 3137 811 3205 ibi
833 3144 890 3204 aut
912 3141 1102 3208 antecedunt
1123 3146 1179 3207 aut
1193 3141 1402 3208 subsecuntur

178 3250 305 3316 nomina
335 3251 439 3317 omnia
465 3269 572 3317 secum
599 3249 736 3317 habeant
762 3255 888 3332 patrum
909 3253 1049 3334 nomina,
1077 3255 1405 3337 propulsavero

174 3367 208 3428 et
229 3380 274 3428 vs.
299 3367 340 3428 60
361 3361 474 3429 lacuna
496 3366 546 3428 est
566 3361 683 3438 relicta
706 3361 801 3428 etiam
822 3361 866 3430 ibi
888 3382 925 3430 eo
951 3383 1043 3447 quem
1072 3383 1169 3448 supra
1195 3365 1400 3432 indicavimus

172 3473 266 3540 modo
287 3491 339 3540 res
362 3479 410 3542 est
431 3472 635 3557 explicanda.²

260 3585 351 3664 Quod
378 3587 419 3653 ad
441 3587 511 3668 ipsa
531 3586 683 3653 sollennia
705 3585 910 3653 Germaniceo
931 3587 1045 3654 attinet
1067 3589 1244 3656 Boeckbius
1274 3587 1400 3672 quidem

176 3697 221 3780 (in
244 3695 279 3763 (i.
301 3698 327 3762 Ι.
350 3700 391 3766 ad
419 3719 450 3767 n.
474 3700 549 3782 246)
577 3699 610 3765 in
633 3698 815 3768 Caracallae
842 3702 993 3770 honorem
1022 3721 1060 3768 ea
1086 3703 1232 3770 instituta
1258 3719 1334 3774 esse
1349 3721 1402 3770 vo·
1475 3739 1478 3744 ·

246 3992 255 4022 ¹
274 3991 370 4044 Similis
387 3994 547 4062 neglegentia
568 3996 676 4047 cernitur
692 3996 718 4046 in
735 3996 773 4048 tit.
793 3991 847 4048 dcl.
864 3997 912 4061 111,
929 3997 988 4059 553,
1005 3998 1021 4050 2
1038 4015 1074 4050 vs·
1092 3998 1125 4054 52
1144 3997 1209 4066 (eol.
1229 3999 1259 4065 1),
1277 3999 1321 4050 ubi
1338 4017 1401 4066 qua·

174 4074 297 4128 dratarm
323 4096 379 4130 cum
402 4079 513 4146 ephebos
537 4081 617 4131 tribus
635 4081 809 4132 Erechtheidis
832 4081 1008 4148 insculpsisset
1034 4083 1140 4150 sculpsit
1166 4084 1282 4151 deinceps
1309 4092 1402 4136 temere

177 4159 339 4230 „direido;“,
357 4181 407 4215 non
426 4173 499 4217 autea
516 4166 630 4232 inspecto
648 4168 785 4234 proposito,
803 4168 829 4218 in
847 4186 896 4234 quo
914 4170 998 4219 statim
1016 4170 1166 4234 sequebatur
1185 4163 1401 4232 „Hardcoac'o'oc“;

175 4249 295 4300 nimirum
314 4267 345 4301 ox
361 4251 428 4302 tribu
446 4251 558 4319 Aegeide
577 4252 641 4304 nulli
657 4253 748 4319 ephebi
765 4253 810 4305 illo
827 4271 892 4305 anno
910 4255 936 4304 in
954 4256 1083 4322 gymnasio
1101 4255 1267 4308 versabantur.

246 4353 257 4382 ²
275 4353 333 4405 Huc
350 4355 518 4408 revocandum
535 4355 609 4407 etiam
629 4356 697 4422 quod
714 4356 740 4406 in
758 4351 813 4408 Φιλ.
831 4357 878 4419 ΙΙΙ,
896 4358 955 4420 357,
973 4375 1009 4409 vs.
1027 4358 1061 4413 30
1078 4358 1226 4410 vocabulum
1248 4357 1402 4426 κεστροφύ-

175 4433 230 4494 λαξ
246 4445 284 4489 est
301 4439 472 4507 insculptum,
490 4458 571 4506 neque
589 4449 671 4492 tamen
689 4459 782 4492 rromen
800 4443 908 4493 hominis
926 4443 1077 4512 adscriptum
1096 4444 1231 4504 insanitum
1257 4462 1402 4511 quamquam

176 4541 263 4575 versus
280 4524 376 4592 integer
394 4533 447 4585 est;
466 4527 679 4595 cestrophylaoem
697 4545 755 4581 reno
778 4528 824 4580 illo
844 4545 909 4581 anno
934 4530 958 4579 in
977 4531 1107 4596 gymnasio
1132 4531 1232 4583 omnino
1257 4548 1307 4583 non
1325 4531 1404 4582 fuisse

174 4610 217 4662 vix
237 4609 297 4663 lieet
313 4611 442 4678 suspicari.
462 4640 495 4652 -

1166 4704 1199 4758 5³5¹
