3436 5326
674 307 909 370 -161—

173 487 427 579 ῒἸσιγένης,
450 491 492 557 20
512 511 542 574 p.
565 489 638 556 Chr.
661 487 700 556 οἱ
723 507 793 572 pag.
819 493 889 556 138.

174 601 210 666 K
215 601 513 692 ολλικρπςίδης,
537 607 577 667 55
599 619 630 684 p.
654 599 727 668 Chr.
750 597 789 666 ci.
812 617 883 682 pag.
901 603 971 666 138.
1007 597 1137 680 Ephem.
1161 600 1249 666 arch.
1274 604 1347 670 640.

176 713 395 801 Καλλίφριο
405 737 436 790 ν,
462 713 494 798 l)
510 712 544 779 K.
562 714 580 774 ὁ
595 712 823 800 πρεσβύτερος,
846 711 990 794 Septimii
1006 710 1113 778 Severi
1129 716 1242 780 aetate.
1266 711 1300 780 G.
1312 712 1336 777 I.
1350 717 1411 780 395

286 827 339 908 (=
362 825 493 907 Ephem.
523 825 609 892 arch.
633 827 718 908 sot).
767 825 905 908 Tempus
934 823 1007 890 inde
1034 824 1168 892 efficitur
1195 824 1280 908 quod
1306 827 1334 891 is
1362 825 1416 906 qui

289 940 320 1003 in
343 936 376 1004 C.
401 937 428 1002 1.
453 943 514 1004 395
536 937 663 1002 titulum
685 937 783 1020 ponit,
809 933 968 1006 Διονύσιος
993 936 1216 1024 Νεαιοστράτοο
1241 929 1415 1024 Φαληρεύς,

289 1049 370 1115 idem
394 1047 535 1131 Septimii
558 1047 667 1113 Severi
689 1053 795 1114 aetate
821 1051 971 1130 conparet
998 1052 1035 1114 ut
1062 1047 1241 1136 ὁπλομάχος
1255 1042 1292 1112 in
1315 1047 1415 1112 titulis

286 1159 407 1225 Phihst
430 1159 489 1239 III,
513 1163 584 1240 553,
606 1159 665 1240 ΙΙΙ,
688 1163 760 1235 451,
783 1159 808 1238 Ι,
833 1163 905 1238 518,
927 1158 985 1234 ΙΙΙ,
1009 1163 1081 1226 356.

290 1271 324 1357 2)
347 1273 429 1356 Μοιρ.
454 1269 528 1357 Αῠρ.
551 1269 738 1357 Καλλίφρων
765 1271 783 1332 ὁ
814 1271 862 1334 οιαὶ
885 1267 1073 1355 Φροντεῖνος
1093 1267 1302 1358 Γαργήττιος,
1335 1271 1418 1352 apud
1479 1315 1481 1320 ·

288 1383 434 1450 Roscium
450 1383 490 1450 de
504 1383 585 1449 dem.
607 1403 637 1467 p.
655 1387 696 1448 65
717 1401 768 1448 uo.
785 1387 826 1449 65
842 1381 897 1465 (=
912 1381 1028 1448 Pittalr.
1044 1381 1134 1448 l'anc.
1150 1382 1223 1447 Ath.
1243 1401 1312 1465 pag.
1330 1384 1416 1464 479).

289 1497 384 1562 Aetas
406 1495 534 1562 incerta.

182 1605 372 1680 Καπίτων,
396 1606 468 1672 circ.
490 1625 519 1670 a
545 1609 605 1670 132
623 1605 673 1688 (1).
709 1604 831 1670 Philist.
854 1605 913 1686 111,
937 1609 1009 1686 285,
1032 1609 1062 1669 4.
1100 1605 1224 1670 Annum
1247 1605 1296 1672 vel
1316 1605 1416 1672 dicum

289 1721 425 1784 aetatem
447 1736 486 1782 ex
508 1717 687 1784 coniectura
714 1717 795 1784 dedi.
845 1716 995 1800 Suspicor
1021 1717 1104 1784 enirn
1143 1716 1231 1782 illum
1264 1717 1415 1784 archonte

287 1828 321 1892 in
349 1827 472 1893 Philist.
501 1828 550 1893 tit.
579 1845 649 1894 esse
675 1828 809 1894 eundem
836 1827 891 1909 qni
918 1828 949 1894 in
978 1825 1015 1892 Ο.
1043 1827 1069 1894 Ι.
1093 1831 1154 1894 342
1185 1830 1267 1894 inter
1296 1828 1416 1910 legatos

285 1937 326 2002 ad
347 1937 542 2004 Hadrianum
569 1938 682 2004 missos
709 1943 859 2020 conparet
885 1958 914 2004 a.
941 1941 999 2003 132
1028 1957 1059 2021 p.
1083 1937 1157 2006 Chr.
1202 1940 1252 2004 Ad
1283 1939 1415 2006 eundem

287 2067 399 2116 revoco
422 2049 515 2116 etiam
539 2049 588 2114 tit.
604 2047 681 2114 Phil.
706 2049 765 2125 III,
789 2053 864 2113 564:
886 2049 906 2136 ὴ
928 2047 966 2122 ἐξ
987 2043 1110 2134 Ἀρείου
1131 2050 1231 2132 πάγου
1252 2049 1352 2137 βουλὴ
1369 2049 1416 2112 οιαὶ

286 2161 306 2248 ὴ
333 2160 458 2249 βουλὴ
492 2165 568 2224 τῶν
602 2158 818 2233 ἑξακοσίων
854 2160 903 2223 οιαὶ
929 2161 946 2222 ὁ
977 2160 1079 2249 δῆμος
1102 2159 1228 2224 Κόϊντον
1254 2158 1414 2244 Πομτιήὶον

287 2269 415 2336 Κοΐντου
443 2272 507 2335 otoo
535 2269 682 2357 Κολλείνᾳ
710 2269 907 2334 Καπίτωνα
942 2273 1068 2359 ποιητὴν
1096 2267 1319 2356 Περγαμηνόν,
1348 2269 1414 2332 τὸν

287 2383 346 2446 οιαὶ
363 2377 571 2469 Ἀθηναῖον
573 2429 862 2457 ............
891 2382 978 2445 παντὶ
1002 2381 1111 2468 μέτρῳ
1141 2381 1189 2444 καὶ
1212 2377 1332 2466 ῥυθμῷ
1360 2365 1414 2469 τὴν

284 2492 469 2581 perdicum}
493 2497 549 2581 τῆς
571 2493 727 2579 ποιήσεως
748 2492 863 2580 ἀρετὴν
884 2491 1117 2575 ἐπιδειξάμενον
1139 2495 1289 2577 adaperui<
1317 2491 1413 2573 ἀπαγ-

287 2601 413 2686 γελίαις,
444 2604 498 2668 διά
518 2628 551 2668 τε
573 2607 626 2693 τὴν
649 2603 682 2667 ἐν
705 2611 753 2690 τῷ
775 2602 990 2691 ἐπιτηδεύματι
1013 2602 1168 2692 ὑπεροχὴν
1190 2603 1239 2666 καὶ
1261 2603 1314 2690 τὴν
1344 2602 1414 2682 περὶ

287 2714 323 2777 τὰ
344 2711 407 2802 ἢθη
430 2713 612 2802 σεμνότητα.
645 2717 748 2780 Huius
771 2721 877 2780 statua
898 2715 931 2778 in
946 2715 1082 2780 Theatro
1102 2714 1190 2779 iuxta
1206 2713 1412 2778 Menandrum

284 2829 409 2907 poetam
432 2825 534 2905 posito
556 2829 633 2890 erat.
672 2826 795 2908 Magnis
819 2843 892 2906 ergo
915 2825 996 2890 inter
1011 2824 1218 2890 Athenienses
1240 2823 1411 2890 honoribus

285 2934 409 3001 videtur
436 2934 598 3017 floruiss03
634 2937 739 3016 itaque
767 2936 832 3002 veri
862 2936 940 3000 haut
970 2934 1119 3000 dissimile
1155 2953 1216 2999 non
1254 2934 1411 2999 diversum

286 3064 356 3110 curn
379 3065 448 3110 esse
471 3047 511 3111 ab
533 3045 682 3111 archonte
705 3046 844 3112 eiusdem
866 3045 1008 3110 nominis,
1053 3043 1143 3122 Quod
1166 3045 1192 3108 si
1215 3063 1325 3110 verum
1351 3050 1408 3124 est,

284 3162 382 3237 actae,
410 3156 533 3238 qualern
556 3175 652 3239 supra
673 3156 799 3222 aliunde
821 3156 998 3236 suspicatus
1021 3173 1099 3236 sum,
1127 3156 1338 3238 conprobatur
1359 3174 1406 3222 se-

285 3271 378 3332 natus
400 3271 616 3332 sexcentorum
640 3267 931 3332 conmemoratione.

180 3372 215 3442 Γ.
234 3370 399 3447 Ἰούλιος
417 3377 448 3440 K
454 3376 613 3447 α’σιοςΣ
619 3377 769 3462 τειριεύ
779 3401 804 3452 c,
829 3377 899 3444 circ.
915 3395 943 3443 a.
963 3381 1023 3443 120
1044 3397 1075 3460 p.
1092 3375 1164 3442 Ohr.
1190 3376 1241 3458 (cf.
1258 3395 1328 3458 pag.
1347 3379 1408 3460 19).

284 3484 319 3552 0.
342 3487 367 3552 Ι.
392 3491 463 3553 210.

179 3594 323 3673 Κόνων,
348 3603 386 3663 57
410 3619 439 3682 p.
464 3597 536 3665 Chr.
561 3597 613 3684 (of.
636 3617 707 3681 pag.
726 3596 811 3682 138).
855 3599 1003 3681 Phlegon.
1026 3597 1094 3664 mir.
1117 3617 1143 3664 c.
1168 3601 1218 3664 27.

179 3705 467 3796 Κορνηλιονός,
495 3729 557 3776 non
587 3715 660 3776 ante
691 3709 733 3774 Μ.
763 3709 926 3775 Aurelium
955 3710 1185 3791 imperatorem.
1230 3707 1264 3773 Ο.
1297 3709 1321 3773 Ι.
1347 3712 1408 3774 394

283 3821 338 3901 (=
353 3821 482 3903 Ephem.
504 3820 588 3886 arch.
608 3825 668 3885 514
683 3847 725 3876 =
739 3819 857 3885 Pittak.
874 3821 962 3886 l'anc.
977 3819 1049 3885 Ath.
1071 3837 1142 3902 pag.
1160 3821 1248 3900 111);
1271 3817 1308 3885 cf.
1325 3819 1407 3883 Mus.

281 3931 381 3996 Rhcn.
403 3931 480 3996 XIX
501 3951 571 4015 pag.
588 3936 649 3996 259
672 3951 739 4014 sqq.

178 4039 227 4103 Ar
233 4063 267 4126 ρ.
289 4040 568 4111 Αοοδαιιανός,
591 4040 821 4107 Gordianorum
844 4045 959 4108 aetate.
1002 4040 1124 4108 Philist
1147 4041 1201 4116 IV,
1224 4041 1295 4120 344,
1318 4045 1347 4105 4.

177 4149 198 4231 †
219 4149 432 4239 demetriae,
455 4157 496 4216 48
519 4170 549 4232 p.
574 4149 648 4216 chr.
671 4151 710 4216 cl.
734 4169 830 4233 supra
851 4171 922 4234 pag.
941 4156 1011 4216 138.

177 4259 353 4339 Λούκιος,
384 4282 446 4330 nou
475 4263 560 4329 ultra
588 4263 714 4329 Troiani
743 4267 880 4329 oetatem
909 4281 977 4328 meo
1008 4261 1123 4328 iudicio
1150 4265 1255 4341 potest
1280 4259 1405 4334 referri;

279 4371 313 4439 0.
338 4373 364 4439 Ι.
387 4378 460 4440 287.

176 4481 197 4564 †
219 4481 423 4561 Λυκίσκος,
449 4490 488 4552 14
508 4505 539 4569 p.
563 4481 652 4564 Ohr.;
672 4483 711 4550 ol.
734 4502 805 4567 pag.
824 4488 894 4550 138.
1215 4551 1249 4638 ..1

1218 4587 1231 4640 l
