3436 5326
649 352 884 414 -173—

273 529 378 601 γραφαὶ
396 529 551 584 dos'rdoror“
570 532 661 585 Athen.
682 534 748 590 1860
765 530 879 600 polico.
897 532 916 584 ά
934 551 975 587 no.
991 537 1030 590 ll.
1052 561 1084 574 -
1103 533 1326 603 operaepretium
1344 535 1382 588 ri·

275 619 347 672 detur
364 635 420 671 osse
438 628 573 686 utrumque
590 619 763 687 apographum
781 636 924 688 conparare.
954 618 1048 672 Omitto
1069 637 1134 687 quse
1152 619 1247 672 nullius
1259 618 1384 672 momenti

276 713 335 758 sunt
352 705 538 774 discrepantias.

327 789 380 844 ool.
400 790 425 842 Ι.

280 876 358 928 Va3
381 875 586 943 P(ittalrisinnum
604 878 752 946 apograph.)
775 875 938 948 Osodopldp.
985 877 1162 948 Il(pigraphac
1179 879 1275 946 anecd.)
1299 879 1383 932 minus

275 964 398 1030 integrum
420 960 541 1031 θεοδωρι
554 999 561 1014 .
576 999 582 1014 .
597 998 626 1014 ..

279 1067 320 1122 Vr.
334 1069 351 1121 6
367 1067 402 1125 P.
423 1043 585 1130 ΝΙΚΙΑΕ.
617 1069 652 1125 u.
673 1039 822 1130 ΝΙΚΙΑΕ
848 1043 932 1148 ΚΑΙ,
953 1079 980 1122 ut
996 1089 1031 1124 vs.
1051 1073 1066 1126 o
1086 1079 1112 1124 ar
1129 1074 1144 1126 r
1163 1070 1328 1138 coniungendi
1346 1071 1383 1122 vr-

275 1153 380 1206 deantur
398 1148 504 1221 (Ναιάς
521 1153 564 1206 rol
579 1150 725 1223 Ἰσιγένης).
762 1155 836 1218 Quod
854 1155 961 1206 maxime
979 1155 1090 1209 offendit.
1128 1158 1168 1207 Au
1187 1157 1232 1207 illo
1250 1174 1315 1207 anno
1333 1157 1383 1208 duo

273 1257 323 1290 una
340 1240 466 1291 archontis
484 1259 587 1293 munera
610 1243 688 1293 iuncti
712 1243 791 1293 sunt?
825 1240 932 1292 Nullum
955 1241 1029 1292 huius
1054 1241 1090 1292 rei
1114 1242 1195 1293 adhuc
1219 1249 1286 1292 extat
1309 1241 1382 1292 testi·

275 1345 393 1396 monium.
425 1345 529 1398 Accedit
547 1347 614 1414 quod
632 1364 665 1398 na
682 1345 785 1398 minima
803 1347 903 1413 quidam
922 1349 1028 1415 vestigia
1045 1347 1158 1400 vocabuli
1173 1325 1252 1408 ΚΑΙ
1266 1346 1381 1400 Pittulris.

275 1431 446 1498 apographum
459 1432 568 1497 praehet.
596 1431 684 1498 Itaque
696 1431 831 1484 admodum
842 1431 929 1483 dubito
947 1451 1006 1484 num
1024 1451 1051 1485 re
1063 1451 1121 1485 vera
1139 1433 1164 1483 in
1187 1431 1271 1500 lapids
1285 1431 1383 1499 legatur

279 1511 374 1598 ΚΑΙ,
410 1537 499 1588 Rimas
516 1535 608 1603 lapidis
626 1544 685 1589 aunt
702 1537 821 1600 fortasse,
845 1555 907 1604 quas
925 1538 968 1605 qui
985 1537 1085 1590 titulum
1104 1537 1237 1604 descripsit
1260 1554 1306 1604 pro
1330 1536 1382 1588 illis

273 1623 363 1674 litteris
381 1623 476 1675 habuit.

327 1707 380 1760 Uol.
398 1705 442 1761 II.

278 1792 318 1844 Vr.
337 1793 362 1844 1.
396 1789 432 1848 P.
451 1791 613 1860 neglegenter
630 1787 739 1860 Mneaeor.
774 1791 809 1849 ll.
828 1801 894 1847 recte
912 1789 1037 1863 Μηδειος.

326 1879 378 1930 001.
399 1876 459 1928 ΙΙΙ.

276 1983 316 2035 r..
327 1965 359 2038 '1.
394 1981 429 2038 1³.
449 1967 634 2045 .....toco,
669 1980 704 2038 u.
723 1983 788 2035 nno
806 1983 915 2036 esaion.

276 2088 317 2142 Vr.
335 2089 362 2142 2.
396 2087 431 2144 P.
461 2075 607 2150 ....lN.....
642 2087 887 2156 ll.nihinrsebet.

326 2174 378 2226 Ool.
397 2172 412 2224 1
421 2173 449 2228 V.

276 2279 316 2332 n.
334 2280 359 2332 o.
395 2278 429 2335 Ρ.
448 2257 716 2344 hercumbre.
751 2252 1069 2356 Ε.ᾹΘωΝΙΔΗΕ,
1094 2280 1169 2348 quie
1186 2299 1278 2334 noman
1301 2283 1383 2336 annuo

275 2367 395 2417 iunctum.
431 2365 525 2418 Putat.
544 2367 598 2418 sina
617 2367 692 2418 dnbio
710 2377 777 2419 recta
795 2367 935 2434 descripsit.
972 2366 1024 2418 Sed
1041 2367 1204 2434 cognoscitur,
1230 2369 1297 2434 quod
1315 2368 1382 2419 idom

271 2455 347 2504 etium
365 2453 422 2504 aliis
440 2451 534 2519 lapidis
553 2453 615 2504 locis
632 2461 716 2520 potest
733 2454 874 2515 observari,
898 2452 1008 2520 lapidem
1025 2470 1082 2504 csse
1100 2453 1217 2504 detritum
1241 2471 1324 2520 neque
1349 2453 1382 2504 ita

271 2538 370 2590 facilem
388 2538 420 2588 ad
439 2537 581 2604 legendum.
612 2539 699 2604 Itaque
717 2539 832 2605 suspicor
848 2539 879 2588 ab
898 2554 928 2588 eo
947 2539 991 2602 qui
1010 2536 1143 2604 descripsit
1160 2538 1261 2588 titulum
1279 2539 1380 2604 saepius

271 2623 436 2689 interipsum
455 2623 603 2689 legendum,
629 2623 650 2673 si
669 2623 736 2690 quod
754 2639 845 2678 nomeu
864 2623 889 2672 in
908 2621 993 2690 lapide
1016 2622 1133 2673 detritum
1157 2640 1186 2674 ac
1211 2641 1297 2690 parum
1323 2641 1381 2690 per-

273 2709 387 2776 spicuum
406 2717 468 2769 crat,
492 2710 573 2774 magis
593 2708 726 2759 divinando
744 2707 808 2758 illud
826 2709 967 2758 conlectum
985 2724 1049 2758 essa.
1087 2707 1161 2768 Quod
1179 2707 1272 2758 adnoto
1291 2716 1318 2758 ut
1335 2708 1381 2758 ad·

272 2803 358 2863 pareat
382 2812 430 2860 quo
455 2795 508 2846 iure
531 2812 608 2862 supra
631 2794 657 2845 in
683 2811 772 2845 comm.
789 2793 874 2844 XVIII
897 2793 1021 2844 interdum
1045 2811 1060 2843 a
1088 2793 1194 2844 lectione
1217 2793 1380 2844 Pittalrisiani

272 2879 411 2947 apographi
429 2882 582 2932 recesserim.

275 2985 307 3036 n
335 2987 356 3038 7.
392 2983 426 3040 Ρ.
447 2979 479 3048 Θ
515 2962 700 3048 ΟΦΙᾹΟΕ.
737 2954 1038 3061 ΕΘΕΟΦΙΛΟΕ,
1071 2984 1138 3050 quos
1163 2983 1247 3035 neseio
1271 3001 1302 3034 ..ι
1326 2985 1381 3052 ipse

270 3072 313 3138 qui
331 3072 463 3138 descripsit
480 3071 623 3137 expleverit.

324 3155 376 3208 ool.
399 3155 427 3208 V.

274 3259 314 3311 Va.
332 3262 358 3314 5.
394 3258 428 3315 P.
448 3247 646 3323 ZI'INION.
688 3259 724 3315 Il.
742 3263 769 3312 in
794 3261 880 3313 tabula
905 3261 1007 3327 quidem
1030 3279 1120 3312 nomen
1147 3260 1221 3328 plane
1245 3261 1379 3322 omittitur;

271 3346 350 3396 nihilo
373 3347 456 3398 secius
480 3349 506 3396 in
531 3346 677 3397 minusculis
700 3346 823 3398 invenitur
841 3343 945 3414 Ζήνων.
987 3349 1075 3412 ltaque
1098 3347 1165 3397 haud
1189 3347 1224 3397 ita
1247 3347 1382 3414 diligenter

271 3432 385 3483 confecto
402 3432 499 3482 videtur
516 3431 609 3482 tabula.
627 3459 661 3469 —
679 3430 726 3481 His
751 3433 882 3499 perponIs
899 3431 1005 3482 alterum
1027 3431 1198 3497 apographum
1219 3427 1275 3496 (Ε.)
1299 3431 1380 3482 multo

270 3515 413 3566 adcuratius
437 3532 494 3565 ease
517 3515 595 3566 altero
617 3512 672 3580 (P.)
697 3532 746 3565 non
770 3515 883 3566 dixerim.
922 3515 995 3566 Unde
1022 3515 1116 3565 moveri
1142 3531 1192 3565 non
1219 3531 1322 3580 possum
1350 3523 1378 3566 ut

269 3601 362 3652 maiora
380 3599 418 3650 illi
437 3600 580 3666 apographo
599 3597 656 3666 (ll.)
674 3599 725 3652 fido
742 3599 827 3651 hahita
844 3615 875 3651 eu
893 3617 957 3666 quae
976 3617 1052 3666 supra
1069 3617 1126 3666 pag.
1142 3599 1275 3654 133-146
1295 3599 1377 3650 dissa-

270 3685 309 3737 rui
330 3685 385 3752 ipsa
407 3685 550 3751 infringam.
587 3683 653 3735 Sane
677 3685 777 3750 quidem
801 3692 913 3734 remanet
937 3684 999 3734 mihi
1023 3683 1169 3750 scrupulus:
1194 3683 1287 3735 etenim
1310 3686 1332 3735 si
1357 3684 1379 3735 is

267 3787 367 3836 quoque
379 3770 419 3821 cui
431 3770 495 3820 illud
507 3769 679 3836 apographum
690 3768 737 3836 (Il)
750 3770 854 3823 debetur
866 3786 893 3820 re
907 3787 964 3820 vera
977 3769 1037 3836 legit
1055 3770 1081 3820 in
1098 3769 1184 3836 lapide
1202 3769 1249 3820 ool.
1260 3769 1297 3820 IV
1314 3787 1353 3821 vs.
1364 3772 1380 3824 3

265 3848 517 3937 >innoxos
542 3846 772 3952 (ψωιιΑΝτι
787 3854 858 3939 n.
879 3845 1320 3952 ,ocnnnocoonoc
1340 3873 1381 3938 <ao

269 3956 960 4060 ...a,ooinoc),..1.v...⁵znn
1009 3967 1162 4044 nomn
1185 3963 1379 4056 «noio,

269 4068 290 4116 si
315 4065 362 4118 hoo
385 4067 486 4118 demum
509 4067 642 4131 constabit,
665 4085 717 4118 uon
739 4067 850 4134 amplius
874 4067 995 4134 integram
1018 4065 1166 4116 sententiam
1191 4081 1272 4115 meam
1293 4072 1380 4132 potero

274 4150 387 4202 retinere.
416 4151 574 4218 Quamquam
593 4153 615 4203 si
632 4170 681 4203 non
694 4161 817 4204 coriorum
836 4152 935 4202 illorum
954 4168 1082 4210 annorum,
1101 4158 1126 4200 ut
1140 4151 1284 4202 archontum
1298 4159 1381 4201 tamen

274 4236 401 4303 catalogus
419 4254 476 4288 mea
493 4237 594 4304 quidem
613 4240 737 4290 sententia
753 4237 793 4289 vel
811 4237 847 4288 sic
864 4253 945 4304 usqua
962 4236 1105 4288 remanebit.

648 4419 885 4453 w
