3436 5326
791 415 1022 478 -102-

296 608 481 679 statuamus,
503 603 587 684 quod
609 621 647 668 ex
669 599 872 667 similitudine
894 600 962 666 eius
985 597 1127 668 vocabuli
1149 600 1233 682 quod
1255 619 1365 666 revera
1393 598 1525 683 sculpsit

296 715 417 782 eteius
439 716 523 797 quod
546 713 680 782 debebat
702 713 844 796 sculpere
866 731 929 778 non
949 711 1024 778 licet
1044 715 1204 794 repetero3
1227 711 1307 777 haut
1329 712 1412 778 enim
1433 711 1525 779 facile

296 827 366 908 quis
399 843 457 909 pro
489 823 591 908 Γαρ”“
619 823 737 891 scribat
768 821 803 886 ἐκ
832 822 970 909 Μυῤῥ“.
1021 823 1136 888 Utrum
1167 840 1241 889 vero
1275 823 1307 888 in
1329 823 1389 906 itit.
1420 823 1448 889 A
1485 843 1528 890 an

296 937 329 1003 in
362 937 410 1003 tit.
433 937 460 1002 B
488 937 598 1003 vitium
624 935 786 1018 sculpendi
814 935 856 1000 sit
885 934 1074 1002 conmissum
1102 954 1164 1002 non
1192 939 1289 1018 patet.
1334 935 1527 1002 Crediderim

295 1049 329 1114 in
358 1048 407 1114 tit.
433 1047 472 1113 A.
524 1046 656 1114 Gentem
685 1047 767 1114 enim
801 1046 961 1130 quandam
984 1046 1195 1130 ¹Mysticorum
1228 1047 1318 1114 demo
1348 1045 1528 1135 suppurat<

297 1159 488 1242 adscriptam
509 1157 607 1224 fuisse
629 1158 827 1240 cognoscitur
849 1177 887 1224 ex
908 1158 1030 1224 Philist.
1056 1157 1082 1240 I,
1107 1164 1178 1236 384,
1201 1164 1230 1240 4,
1253 1159 1309 1225 ubi
1330 1159 1412 1226 inter
1434 1158 1527 1243 ephe·

296 1273 353 1340 bos
386 1277 460 1338 sunt
487 1267 698 1358 Ἀφροὸείσιος
726 1269 878 1334 Μυστικοῦ
907 1267 1099 1356 Γαργήττιος
1127 1275 1159 1336 et
1188 1269 1350 1342 Μυστικὺς
1371 1271 1524 1336 Μυστικοῢ

296 1381 328 1449 Γ
323 1383 496 1471 αργὴττιος.

381 1495 524 1578 Denique
553 1494 585 1559 in
612 1494 661 1560 tit.
685 1495 714 1560 A
743 1496 869 1579 utrique
898 1495 1110 1579 systremmati
1136 1496 1359 1564 adscribuntur
1380 1495 1528 1578 quaterni

298 1603 526 1694 σωφρονισταίε
557 1603 738 1672 efficiuntur
759 1625 833 1690 ergo
857 1611 926 1674 octo
951 1607 1175 1690 sophronistae.
1221 1607 1265 1674 At
1286 1609 1319 1673 in
1346 1608 1446 1690 titulis
1473 1608 1529 1673 im-

297 1722 479 1802 peratorum
501 1721 606 1784 aetate
628 1718 753 1802 scriptis
776 1737 831 1786 sex
860 1737 984 1802 semper
1011 1719 1228 1802 sophronistae
1257 1720 1452 1802 totidemque
1472 1721 1529 1804 hy-

301 1831 562 1915 posophronistae
584 1837 796 1900 recensentur.
842 1833 955 1913 Itaque
985 1833 1034 1899 vel
1060 1831 1132 1898 inde
1161 1829 1197 1896 fit
1227 1831 1396 1898 verisimile
1420 1849 1530 1898 vocem

302 1943 553 2030 looppouunutu
578 1943 628 2011 hic
650 1943 894 2027 intellegendam
916 1962 986 2010 esse
1008 1962 1046 2010 ea
1067 1943 1179 2010 latiore
1200 1944 1232 2010 ui
1260 1962 1297 2010 ac
1319 1943 1445 2011 notione
1467 1963 1531 2027 qua

300 2053 515 2139 sophronistas
529 2037 655 2138 proprie
667 2056 767 2123 dictos
784 2059 816 2122 et
829 2055 1127 2139 hyposophronistas
1143 2054 1366 2137 conplectatur.
1403 2056 1446 2121 Et
1460 2074 1531 2139 pro-

301 2165 382 2235 lecto
404 2166 463 2234 hoc
477 2165 621 2233 firmatur
649 2167 698 2234 tit.
721 2168 757 2233 B.
801 2169 850 2234 Ibi
878 2168 1080 2254 inveniuntur
1102 2205 1144 2216 —
1166 2174 1244 2250 quot
1264 2169 1465 2253 postulantur
1487 2204 1530 2217 -

302 2297 357 2348 sex
379 2279 596 2361 sophronistae
618 2283 650 2346 et
673 2297 727 2346 sex
748 2280 1066 2364 hyposophronistae,
1096 2284 1129 2347 et
1151 2282 1285 2348 redeunt
1306 2279 1352 2346 illi
1373 2281 1405 2346 in
1428 2281 1477 2346 tit.
1501 2279 1531 2346 A

302 2391 523 2458 conmemorati
538 2391 755 2473 sophronistae
769 2392 884 2474 partim
898 2392 981 2458 inter
1003 2392 1228 2475 sophronistas,
1250 2393 1366 2476 partim
1378 2393 1461 2459 inter
1474 2392 1530 2476 hy·

301 2501 570 2585 posophronistas.
607 2501 651 2568 At
665 2520 727 2568 non
750 2521 857 2568 omnes
879 2503 1097 2585 sophronistae
1119 2504 1171 2586 qui
1194 2504 1227 2569 in
1249 2503 1297 2570 tit.
1318 2505 1347 2569 A
1369 2494 1531 2571 recensen-

302 2618 356 2680 tur
370 2613 516 2681 videntur
537 2613 640 2681 redire
661 2613 694 2680 in
716 2615 765 2680 tit.
785 2615 828 2680 B:
851 2615 989 2681 Primum
1009 2635 1071 2682 non
1094 2615 1338 2699 deprehenditur
1359 2617 1472 2698 quius.
1491 2620 1531 2682 25

305 2725 350 2808 (in
368 2725 415 2791 tit
431 2725 472 2807 A)
495 2729 624 2822 vocatur
637 2724 689 2790 Κλ.
703 2723 882 2812 Στέφανοςε
905 2727 969 2792 tale
983 2746 1095 2794 nomen
1110 2728 1142 2793 in
1164 2728 1212 2794 tit.
1229 2727 1255 2792 B
1271 2747 1373 2810 neque
1387 2728 1470 2794 inter
1484 2746 1534 2794 so·

304 2837 483 2922 phronistas
498 2856 600 2921 neque
614 2839 696 2904 inter
710 2838 1009 2922 hyposophronistas
1032 2837 1198 2922 reperitur.
1235 2837 1350 2922 Itaque
1365 2839 1474 2905 vitium
1488 2839 1532 2905 la·

305 2955 374 3016 tere
389 2953 521 3032 oportet,
544 2949 638 3032 idque
652 2967 721 3015 meo
737 2949 851 3016 iudicio
866 2949 898 3014 in
913 2949 962 3015 tit.
978 2950 1006 3014 A
1028 2968 1071 3016 vs.
1091 2954 1145 3015 25:
1161 2950 1188 3016 is
1204 2950 1288 3016 enim
1302 2969 1412 3017 versus
1426 2951 1532 3018 laesus

307 3061 457 3142 inlepide
473 3078 542 3126 esse
564 3060 701 3144 videtur3
727 3062 842 3144 quippe
856 3064 921 3127 tres
936 3060 980 3128 ibi
995 3063 1216 3128 antecedentes
1232 3063 1448 3144 sophronistce
1471 3061 1532 3148 (vs.

307 3167 449 3256 22-24)
463 3170 581 3238 habent
595 3171 694 3253 patris
710 3168 743 3236 et
765 3172 847 3238 demi
861 3172 996 3255 nomina,
1019 3192 1100 3256 quae
1121 3191 1168 3240 vs.
1186 3178 1226 3238 25
1249 3174 1372 3240 desunt.
1417 3174 1484 3238 Iam
1507 3174 1535 3239 si

308 3281 487 3366 quaerimus
503 3282 586 3365 quod
601 3301 713 3348 nomen
729 3283 762 3348 in
777 3283 825 3348 tit.
842 3284 869 3348 B
890 3285 972 3350 inter
987 3284 1204 3364 sophronistas
1220 3289 1275 3350 aut
1290 3284 1536 3367 hyposophroni·

309 3399 375 3461 stas
386 3393 564 3460 inveniatur
575 3393 659 3475 quod
670 3393 881 3461 similitudinis
893 3395 1028 3478 speciem
1039 3395 1156 3462 habeat
1167 3414 1237 3461 cum
1245 3393 1417 3481 Στέφανος,
1429 3415 1535 3462 occur-

309 3507 353 3573 rit
367 3524 412 3573 νε.
430 3509 468 3570 16
487 3501 677 3592 Ἐπέραστος
692 3504 826 3592 (Φίρμου
842 3503 1055 3595 Γαργήττιος).
1090 3507 1154 3575 Fac
1171 3509 1253 3574 enim
1269 3507 1483 3574 Cumanudem
1504 3508 1538 3572 in

310 3625 340 3692 A
361 3643 407 3692 us.
431 3628 471 3690 25
492 3641 549 3707 pro
579 3605 916 3702 ΕΠΕΡᾹΟΤΟΕ
949 3622 1063 3708 legisse
1084 3625 1205 3692 laesum
1226 3645 1339 3692 nomen

580 3740 646 3816 cl·
664 3723 767 3815 ΕΡΑ
790 3799 798 3818 ,
823 3744 831 3816 Ι
852 3740 939 3830 0c;
954 3742 1044 3822 patet
1058 3757 1153 3820 quam
1170 3735 1260 3804 facile
1282 3737 1387 3804 induci
1402 3736 1541 3819 potuerit

312 3855 349 3918 ut
584 3839 766 3936 (ΤΕΦᾸ
803 3855 922 3935 ΝΟ(
955 3856 1106 3936 scripturn
1133 3853 1231 3920 fuisse
1258 3858 1393 3936 putaret.
1443 3853 1540 3936 Equi-

313 3964 384 4030 dem
416 3985 473 4048 pro
502 3983 652 4060 persuaso
685 3965 786 4032 habeo
815 3965 893 4030 illud
921 3985 1035 4034 nomen
1056 3965 1221 4052 Στέφανος
1242 3965 1341 4032 latere
1363 3966 1395 4031 in
1412 3961 1540 4051 Ἐπέρα-

313 4100 395 4147 στος.
439 4078 544 4158 Atque
566 4077 666 4143 simile
692 4079 768 4160 quid
790 4078 992 4145 statuendum
1015 4077 1117 4146 estin
1144 4077 1268 4144 nomine
1286 4073 1540 4162 Ἐπαφρόὸειτος,

313 4188 368 4269 qui
388 4187 422 4253 in
443 4188 490 4254 tit.
513 4189 541 4254 A
563 4206 607 4254 vs.
627 4192 667 4253 26
690 4188 782 4255 alteri
803 4189 1015 4272 systremmati
1037 4189 1226 4255 adscribitur
1249 4189 1464 4270 sophronista‚
1486 4208 1542 4256 ne-

314 4315 376 4380 que
404 4299 568 4365 tamenin
595 4299 697 4365 tit.B
724 4304 781 4365 aut
808 4300 841 4364 in
869 4299 1074 4382 sophronistis
1103 4305 1159 4365 aut
1190 4300 1223 4364 in
1251 4299 1541 4382 hyposophronistis

314 4410 480 4478 invenitur.
514 4413 557 4477 Et
571 4411 622 4478 hic
645 4431 719 4495 ergo
734 4413 844 4478 vitium
866 4412 1067 4478 statuendum
1090 4416 1139 4477 est
1155 4415 1187 4478 et
1202 4411 1328 4494 quidem
1342 4411 1401 4478 hoc
1417 4431 1541 4494 quoque

314 4522 347 4587 in
380 4523 428 4587 tit.
459 4523 497 4602 A,
529 4541 574 4590 νε.
598 4527 655 4588 26:
688 4541 761 4589 nam
791 4528 823 4589 et
848 4523 876 4588 is
905 4541 1015 4588 versus
1045 4522 1174 4588 mutilus
1203 4540 1271 4588 esse
1301 4522 1442 4602 videtur,
1468 4523 1542 4602 quia

316 4653 387 4702 cum
410 4634 522 4702 ceteris
551 4634 596 4702 ibi
626 4640 684 4714 (νε.
708 4637 758 4701 25.
783 4639 833 4701 27.
856 4638 910 4714 28)
933 4634 1095 4702 recensitis
1118 4634 1324 4718 sophronistis
1350 4633 1457 4700 addito
1479 4633 1543 4700 sint
