3418 5340
798 395 1010 455 ...56-

289 582 461 648 obtinuisse
475 598 658 662 summaque
680 579 870 646 auctoritate
893 584 926 646 et
947 579 1100 662 dignitate
1122 579 1204 644 inter
1219 576 1427 642 Athenienses
1450 595 1512 642 ma·

289 694 441 777 gistratus
462 690 604 758 floruisse
619 689 801 757 iamdudum
817 691 991 758 constabat.
1031 689 1217 773 Saepissime
1231 689 1319 754 iuxta
1333 687 1512 754 anebontem

288 805 331 871 in.
351 804 513 870 titulorum
541 802 741 886 praescriptis
771 807 935 886 conparet3
966 803 1083 886 passim
1106 803 1200 868 etiam
1227 802 1266 868 ab
1289 820 1326 868 eo
1348 789 1413 867 solo
1436 805 1513 866 tem

289 915 375 998 poris
401 913 438 980 fit
460 913 598 980 definitio
619 914 652 979 in
674 913 775 979 titulis
798 913 846 992 (O.
870 914 896 978 I.
920 919 998 998 4803
1022 918 1094 980 485.
1138 913 1232 997 Apud
1254 914 1343 978 Ross.
1372 913 1412 978 dc
1434 911 1513 978 dem.

289 1043 359 1108 pag.
382 1030 421 1092 87
448 1043 499 1091 no.
525 1031 594 1090 141.
638 1024 731 1110 Apud
758 1025 833 1090 Pitt.
860 1023 948 1110 l’anc.
972 1024 1111 1090 Athenas
1139 1043 1209 1116 pag.
1235 1029 1304 1090 159.
1327 1023 1361 1089 (1.
1384 1023 1409 1088 Ι.
1436 1027 1512 1101 191;

292 1136 387 1223 199).
432 1138 574 1218 Denique
604 1155 718 1220 operae
746 1138 882 1221 pretium
910 1137 1034 1204 videtur
1061 1137 1125 1221 huc
1150 1135 1273 1202 adferre
1300 1135 1349 1200 tit.
1374 1133 1512 1210 11111,

293 1253 363 1326 532,
388 1255 415 1329 1,
439 1249 494 1315 ubi
516 1247 635 1314 Novius
656 1248 771 1314 Philini
792 1247 834 1316 fil.
860 1249 1035 1336 στρατηγὸς
1056 1247 1104 1312 ἐπὶ
1126 1247 1163 1310 τὰ
1184 1246 1265 1310 ύκτλα
1287 1247 1320 1311 τὸ
1344 1244 1455 1328 ύγὸοον
1476 1246 1515 1310 si·

289 1360 354 1426 mul
376 1359 466 1426 audit
488 1357 655 1447 ἀρχιερεύς
669 1357 816 1444 Νέρωνος
830 1359 877 1422 καὶ
892 1359 965 1430 Διὸς
977 1355 1173 1445 Ἐλευθερίου
1190 1357 1225 1421 ἐκ
1239 1362 1301 1422 τῶν
1311 1353 1461 1445 Ἑλλήνων
1472 1353 1515 1442 (λ)

288 1471 337 1534 καὶ
358 1469 542 1558 ἐπιμελητής
570 1473 625 1557 τής
654 1469 777 1540 πόλεως
804 1468 854 1532 διὰ
880 1469 952 1553 βίου
984 1471 1032 1534 καὶ
1061 1470 1166 1556 ἱερεύς
1191 1469 1301 1557 Δηλίου
1329 1467 1517 1537 ’Λπόλλωνος

287 1583 336 1646 καὶ
357 1581 542 1669 ἐπιμελητής
571 1585 626 1669 τής
654 1582 743 1666 ἱερᾶς
770 1580 870 1669 Δήλου
901 1582 949 1644 καὶ
978 1581 1153 1670 ἀρχιερέως
1182 1583 1235 1645 τοῦ
1264 1579 1350 1644 οἴκου
1374 1581 1436 1644 τῶν
1457 1577 1514 1642 Σε·

285 1694 416 1777 βαστῶν
439 1691 637 1778 καλιᾶριστος
658 1700 720 1756 τω”ν
738 1687 890 1781 Ἑλλήνων
912 1694 960 1756 καὶ
990 1689 1172 1781 νομοθέτης.
1217 1691 1305 1760 Adeo
1334 1691 1452 1758 multae
1482 1689 1514 1754 in

286 1804 374 1870 illum
400 1803 555 1870 hominem
578 1803 709 1870 collatae
738 1808 813 1870 sunt
844 1803 1025 1886 dignitates!
1065 1805 1169 1886 Atque
1197 1803 1321 1870 omnino
1349 1802 1516 1885 imparato·

286 1933 358 1981 rum
372 1918 477 1982 aetate
491 1915 622 1998 strategi
637 1933 750 1982 munus
764 1933 877 1998 reapse
891 1915 1029 1982 omniurn
1043 1915 1298 1983 honestissimum
1313 1919 1345 1982 et
1360 1913 1513 1998 amphssi-

288 2045 373 2092 mum
395 2026 519 2093 videtur
540 2025 647 2102 fuisse,
670 2028 812 2112 quamvis
835 2027 945 2094 ordine
967 2027 1147 2108 secundum,
1175 2027 1258 2109 quod
1281 2044 1319 2092 ex
1341 2026 1441 2092 titulis
1463 2044 1512 2090 sa·

287 2138 329 2206 tis
356 2138 553 2221 perspicitur.
604 2139 744 2204 Tertium
772 2143 879 2206 autem
908 2139 1025 2205 ordinis
1055 2139 1188 2220 gradum
1221 2138 1341 2226 κήρυκα
1371 2135 1427 2223 (sc.
1460 2140 1517 2223 τῆς

289 2247 327 2322 ἐξ
339 2244 455 2335 Ἀρείου
472 2249 572 2332 πάγον
586 2249 707 2337 βουλῆς
724 2268 793 2316 meo
816 2250 941 2327 iudicio,
964 2269 1026 2316 non
1050 2253 1105 2337 τῆς
1124 2249 1243 2337 βουλῆς
1268 2250 1316 2312 καὶ
1332 2251 1384 2312 τοῦ
1400 2247 1514 2335 δήμου)

293 2359 467 2427 obtinuisse
490 2379 527 2428 ex
549 2360 706 2442 ephebicis
727 2360 788 2426 illis
811 2360 911 2426 titulis
934 2360 1079 2444 colligere
1101 2361 1189 2442 licet,
1217 2361 1249 2426 in
1280 2361 1393 2445 quibus
1422 2360 1514 2426 tertio

288 2489 389 2554 usque
416 2470 483 2539 loco
514 2475 671 2554 conparet.
717 2473 760 2537 Et
789 2490 864 2538 sane
893 2473 926 2537 in
955 2472 1141 2538 archontum
1171 2473 1351 2556 anagraphe
1378 2472 1515 2538 —talis

288 2583 370 2648 enim
391 2601 461 2650 mca
476 2583 632 2649 sententia
650 2588 699 2650 est
720 2620 763 2630 —
784 2583 817 2649 in
835 2580 943 2671 Ἐφημ,
961 2584 1032 2671 ἀργ.
1059 2588 1137 2651 1941
1163 2585 1291 2665 (=Pitt.
1314 2585 1403 2650 l'anc.
1420 2582 1514 2650 Ache-

290 2714 347 2762 nes
374 2714 445 2778 pag.
476 2701 556 2776 4803
585 2695 622 2764 cf.
653 2697 735 2762 Mus.
764 2697 864 2763 Rhea.
892 2699 969 2762 XIX
1002 2717 1074 2781 pag.
1098 2701 1174 2775 269)
1205 2697 1363 2780 excipiunt
1395 2714 1430 2762 se
1462 2694 1514 2781 ἄρ·

285 2811 394 2896 γ[ων],
419 2807 602 2895 στρατηγός,
626 2808 728 2896 κήρυξ
741 2812 797 2896 τής
819 2807 870 2888 έ[ξ
885 2805 1001 2894 Ἀρείοο
1026 2810 1126 2892 πύγου
1148 2808 1290 2896 βαυλής],
1313 2826 1406 2892 quem
1428 2806 1516 2887 sequi

296 2917 421 2984 videtur
437 2919 537 3006 κήρυε
557 2917 709 3007 ἄρχοντος
720 2920 777 3004 (1);
801 2920 909 2986 eodem
931 2921 1023 2988 modo
1046 2920 1204 3002 excipiunt
1225 2939 1260 2986 se
1282 2920 1383 3008 κήροξ
1404 2923 1460 3006 τῆς
1481 2917 1518 2990 ἐξ

287 3023 405 3114 Ἀρείου
429 3030 528 3111 ποίγοο
550 3029 671 3117 βουλῆς
693 3034 725 3096 et
745 3031 846 3118 κήροξ
866 3030 1019 3120 ἄρχοντος
1039 3031 1102 3109 (vel
1124 3029 1261 3121 ἄρχοντι)
1283 3011 1315 3095 in
1339 3029 1373 3095 (l.
1396 3029 1421 3095 I.
1448 3034 1516 3094 181.

290 3139 373 3204 Vero
395 3139 473 3204 satis
494 3138 698 3206 honorificum
719 3139 816 3208 fuisse
835 3142 998 3224 praeconis
1012 3161 1126 3207 munus
1141 3141 1214 3208 inde
1228 3142 1417 3226 perspicitur
1432 3143 1515 3224 quod

290 3249 406 3332 passim
427 3249 516 3314 iuxta
538 3251 718 3318 archontum
742 3257 775 3317 et
796 3256 970 3345 strategum
992 3252 1025 3317 in
1047 3252 1210 3318 titulorum
1225 3253 1426 3334 praescriptis
1441 3253 1518 3318 seri·

290 3360 375 3426 bitur
398 3359 439 3424 ad
460 3364 584 3441 tempus
607 3359 831 3442 definiendum,
861 3363 958 3428 veluti
985 3364 1017 3428 in
1047 3361 1110 3429 Φιλ.
1135 3364 1188 3439 IV,
1212 3369 1283 3441 332,
1310 3370 1323 3428 1
1353 3363 1416 3446 (ἐπὶ
1439 3363 1516 3451 θρα·

291 3470 402 3536 σύλλου
425 3470 591 3559 ἄρχοντος,
618 3472 840 3560 κηρυκεύοντος
865 3472 1051 3556 θεογένους,
1075 3479 1324 3562 στρατηγοῦντος
1346 3475 1393 3538 ἐπὶ
1409 3499 1434 3540 τ.
1450 3475 1517 3538 orl.

292 3581 402 3646 Νουίου
424 3583 510 3662 κτλ),
534 3581 568 3650 Ο.
589 3583 614 3648 I.
634 3588 696 3650 485
719 3585 740 3661 ί.
764 3632 771 3648 .
796 3629 804 3647 .
829 3636 835 3650 .
859 3631 866 3647 .
891 3583 1027 3672 ἀνέθηκε
1049 3589 1226 3674 στρατηγοῦ
1243 3583 1438 3670 Ἃλκιὸοίμου,
1468 3586 1518 3674 κή-

288 3715 386 3779 ρυκος
404 3694 526 3782 βουλῆς
539 3694 690 3782 Χρύσου).
713 3731 754 3745 -
778 3695 812 3762 O.
832 3698 856 3762 l.
882 3703 953 3763 353.
977 3733 1018 3744 —
1041 3698 1210 3764 Praeterea
1227 3696 1388 3785 Θεογένης,
1410 3697 1519 3780 quiin

292 3804 356 3872 Φιλ.
379 3807 434 3883 IV,
457 3811 561 3887 332,1
587 3811 635 3872 est
658 3807 766 3894 κήρυξ,
788 3807 871 3873 idem
892 3809 926 3873 in
949 3807 983 3873 (l.
1006 3809 1031 3873 I.
1054 3813 1116 3874 480
1139 3812 1188 3876 esi
1209 3810 1385 3895 στρατηγὸς
1407 3807 1455 3870 ἐπὶ
1481 3809 1519 3871 τὰ

291 3915 380 3994 ὅπλα,
402 3917 434 3982 in
451 3917 485 3982 O.
508 3917 533 3981 I.
560 3921 617 3982 361
643 3921 749 3982 autem
764 3923 813 3984 cst
834 3917 1019 4007 ἐπιμελητής
1040 3923 1096 4006 τῆς
1117 3919 1248 3990 πόλεως.
1284 3920 1364 3986 Item
1386 3919 1418 3984 in
1442 3896 1476 3986 C.
1493 3920 1518 3984 Ι.

291 4032 352 4093 396
368 4025 522 4110 Σαβεῖνος
545 4029 671 4109 quidam
685 4028 800 4094 dicitur
822 4030 1018 4118 κηρυκεύσας
1032 4033 1079 4094 καλ
1096 4033 1316 4120 στρατηγήσας
1331 4030 1387 4095 ἐπὶ.
1406 4055 1430 4094 τ.
1449 4031 1516 4094 ύπλ.

290 4137 345 4209 δίς.
390 4139 522 4206 Accedit
543 4141 627 4220 quod
652 4141 835 4224 amplissimi
861 4142 1001 4209 homines
1031 4143 1147 4224 passim
1177 4143 1399 4226 praedicantur
1427 4142 1517 4229 κη’ρυ·

291 4271 343 4320 κες
365 4253 421 4338 τῆς
442 4249 480 4323 ἐξ
495 4247 618 4337 Ἀρείου
633 4253 733 4334 πάγου
755 4253 885 4339 βουλῆς,
909 4253 1005 4320 veluti
1028 4255 1113 4336 apud
1135 4256 1224 4321 Rosa.
1248 4255 1287 4322 de
1310 4255 1389 4322 dem.
1412 4273 1461 4320 no.
1479 4259 1518 4319 15

289 4361 503 4438 Ptolemaeus,
530 4367 620 4444 pater
641 4363 825 4430 nobilissimi
847 4365 931 4430 iliius
954 4366 1104 4432 Herennii
1126 4367 1275 4451 Dexippi3
1304 4367 1354 4432 hic
1376 4367 1443 4448 ipse
1465 4385 1519 4431 au·

289 4477 353 4539 tem
375 4473 409 4538 in
431 4471 466 4540 G.
489 4474 514 4538 I.
540 4478 611 4539 397.
635 4511 676 4521 -
699 4475 736 4540 In
759 4473 825 4540 oet.
847 4477 907 4557 111,
930 4481 1002 4557 444,
1028 4483 1042 4542 1
1075 4478 1191 4542 archon
1219 4477 1328 4544 Aelius
1358 4476 1452 4543 Gelos
1478 4477 1519 4542 si-

290 4584 356 4676 mul
370 4584 571 4668 praedicatur
587 4583 780 4674 κηρυκεύσας
798 4591 853 4676 τής
868 4585 905 4660 ἐξ
914 4582 1030 4674 Ἀρείου
1047 4587 1146 4672 πύγου
1160 4588 1288 4678 βουλῆς.
1311 4589 1348 4654 In
1364 4587 1397 4654 C.
1414 4589 1438 4653 I.
1457 4593 1518 4668 353
