3418 5340
665 364 878 428 ..31-

156 548 269 633 iragm.
292 548 329 615 B.
351 565 397 616 us.
420 552 457 630 43
487 551 983 633 ...ΣΟΣΓΙΑΛΛΗΝΕΥΣς
1016 550 1103 619 solae
1130 551 1288 622 detractae
1309 557 1390 621 sunt·

156 663 272 729 itterae
297 664 444 743 ΟΧΡΥ,
466 699 509 712 -

245 774 308 842 Sed
329 776 408 844 satis
430 795 513 844 nunc
546 775 779 844 demonstrasse
799 773 877 842 mihi
899 775 1012 845 videor
1033 781 1203 862 utrumque
1229 777 1384 864 fragmen·

159 892 229 954 tum
250 887 410 956 dimidiam
433 905 503 956 esse
536 893 659 971 partem
692 887 786 956 unius
814 886 1016 974 eiusdemque
1045 890 1256 976 inscriptionis
1288 896 1384 974 atque

157 1000 228 1068 inre
248 1017 306 1068 nos
328 1001 549 1083 composuisse.

244 1113 357 1180 Restat
378 1131 462 1180 nunc
483 1111 701 1196 interpretatio
717 1111 811 1180 tituli.
842 1113 879 1180 In
894 1113 1076 1182 universum
1091 1117 1176 1198 quod
1190 1117 1231 1184 ad
1246 1118 1383 1202 ephebos

160 1243 330 1307 eorumque
357 1243 410 1292 res
440 1225 554 1291 attinet
576 1241 760 1292 revocamus
794 1225 835 1292 ad
868 1225 1120 1294 dissertationem
1149 1228 1384 1314 Dittenbergeri

38 1352 41 1358 ·
160 1335 237 1422 (nde
258 1337 387 1420 ephebis
409 1335 553 1418 Atticis«
579 1335 749 1420 Gottingae
772 1334 877 1424 1863),
901 1338 955 1419 qui
977 1339 1096 1420 primus
1123 1340 1209 1408 hisce
1226 1341 1266 1407 de
1288 1343 1383 1408 rebus

160 1449 395 1516 accuratissime
417 1456 450 1517 et
471 1449 687 1531 copiosissime
709 1449 825 1516 docuit.
860 1449 1055 1534 Quamquam
1076 1456 1198 1518 restant
1219 1453 1383 1536 quaedam,

159 1579 242 1644 quae
265 1565 321 1626 aut
341 1561 373 1627 in
397 1561 526 1628 dubium
541 1561 683 1629 vocanda
706 1565 764 1627 aut
784 1561 901 1628 certius
916 1561 1084 1629 statuenda
1098 1563 1281 1648 videantur;
1302 1563 1384 1648 quae

159 1671 315 1740 disserere
332 1673 373 1742 ab
395 1674 455 1741 hoc
477 1673 545 1742 loco
567 1693 630 1742 non
654 1673 715 1740 erit
735 1673 880 1740 alienum.

246 1787 293 1852 Ac
314 1785 450 1868 primum
472 1785 733 1869 Dittenbergerus
755 1785 775 1851 l.
799 1786 818 1851 l.
842 1803 914 1869 pag.
940 1788 979 1850 16
1002 1803 1070 1870 sqq.
1092 1790 1178 1854 recte
1204 1788 1310 1855 docuit
1331 1805 1385 1872 po·

160 1897 294 1964 stariore
314 1897 326 1962 i
360 1917 386 1964 c.
409 1897 634 1980 imperatorum
656 1901 798 1979 tempore
819 1917 882 1965 non
904 1915 1019 1981 omnes,
1044 1899 1099 1980 qui
1123 1899 1312 1982 »legitimam
1334 1919 1384 1968 ae·

160 2013 278 2076 tatem«
304 2014 344 2074 18
366 2027 520 2076 annorum
542 2009 688 2092 agebant
710 2011 743 2076 in
766 2009 956 2092 epheborum
977 2029 1142 2078 numerum
1156 2015 1300 2096 receptos
1315 2029 1385 2079 esse

160 2141 199 2188 err
220 2123 299 2205 lege,
329 2122 385 2188 sed
406 2124 554 2190 iuvenum
576 2123 707 2190 arbitrio
728 2122 915 2206 permissum
936 2120 1034 2190 fuisse
1055 2128 1162 2190 uuum
1183 2123 1268 2190 inter
1293 2124 1384 2204 ephe

159 2233 219 2300 bos
240 2231 337 2316 recipi
359 2233 476 2300 uellent
496 2253 602 2303 necne.
647 2231 690 2300 Et
711 2236 954 2300 consentaneum
976 2251 1046 2300 esse
1079 2235 1199 2301 nobiles
1231 2235 1384 2318 imprimis

160 2350 194 2412 et
215 2345 328 2412 divites
350 2344 480 2412 invenes
502 2345 584 2413 hunc
605 2345 765 2427 honorem,
788 2345 880 2429 utqui
901 2363 972 2412 cum
994 2349 1121 2430 sumptu
1143 2345 1222 2412 haut
1235 2346 1385 2414 mediocri

159 2456 357 2524 lconiunctus
379 2462 471 2535 esset,
494 2457 631 2541 petiisse.
676 2457 766 2537 Quod
787 2456 860 2524 inde
887 2455 1098 2540 confirmatur,
1131 2457 1216 2539 quod
1248 2459 1302 2542 qui
1333 2458 1385 2527 hic

158 2567 223 2634 illio
245 2569 328 2635 inter
351 2569 488 2652 ephebos
510 2567 711 2635 inueniuntur
732 2569 827 2635 iidem
848 2585 911 2634 non
934 2589 1016 2648 raro,
1039 2569 1102 2636 iam
1124 2570 1184 2636 viri
1205 2569 1288 2651 iacti,
1315 2570 1385 2636 aliis

158 2679 192 2744 in
214 2678 315 2745 titulis
337 2684 449 2762 postea
471 2679 605 2746 redeunt
627 2679 808 2760 etquidem
831 2680 963 2763 pubheis
992 2681 1174 2748 muneribus
1206 2679 1303 2747 veluti
1336 2701 1386 2748 ar·

159 2789 300 2872 chortis,
329 2791 418 2860 ducis
447 2791 660 2878 (στρατηγοῦ),
691 2795 862 2873 cosmetae,
900 2793 1124 2859 anticosmetae
1153 2793 1288 2873 denique
1315 2792 1385 2858 aliis

158 2903 268 2969 multis
301 2901 408 2970 officiis
431 2901 564 2986 publicis
596 2900 772 2985 fungentes.
822 2903 914 2970 Unde
947 2904 975 2969 si
1008 2903 1134 2987 quidem
1164 2904 1385 2986 ephebicorum

159 3015 358 3098 quorundam
380 3014 545 3080 titulorum
573 3017 697 3097 tempus
720 3017 769 3080 est
793 3015 1006 3096 constitutum,
1038 3015 1220 3099 saepissime
1252 3015 1386 3081 aliorum

158 3127 326 3194 titulorum
347 3131 436 3192 aetas
459 3131 546 3193 certo
572 3129 678 3207 potest
699 3125 807 3208 statui,
836 3126 944 3209 itaque
972 3125 1192 3210 ephebicorum
1224 3127 1272 3193 tit.
1295 3145 1385 3194 aceu-

159 3242 232 3304 rato
254 3237 430 3306 emendatio
454 3241 486 3302 et
514 3237 651 3320 cognitio
683 3235 762 3302 haut
794 3237 840 3302 ita
872 3238 1098 3305 contemnenda
1131 3239 1187 3306 sed
1218 3237 1387 3322 plurimum

159 3350 245 3416 ualet
268 3352 309 3417 ad
332 3349 471 3418 eiusdem
495 3349 609 3415 aetatis
632 3347 742 3414 titulos
765 3361 935 3432 eorumque
957 3367 1009 3416 res
1031 3349 1228 3416 illustranda.

246 3461 362 3528 Censet
383 3467 489 3528 autem
510 3460 772 3544 Dittenbergerus
800 3460 820 3526 l.
843 3460 863 3524 l.
886 3477 958 3543 pag.
982 3464 1022 3524 22
1058 3443 1228 3528 etiamtunc
1261 3479 1323 3528 non
1351 3461 1388 3526 li-

165 3577 268 3642 cuisse
289 3575 373 3641 inter
396 3574 534 3658 ephebos
563 3573 659 3656 recipi
688 3571 750 3639 nisi
778 3569 993 3652 duodeuiginti
1024 3589 1123 3638 annos
1158 3572 1252 3638 natis.
1298 3570 1388 3651 Quod

160 3687 237 3752 mihi
259 3704 413 3769 perquam
437 3691 487 3753 est
508 3685 648 3752 dubium.
682 3682 847 3749 Dubitatio
869 3681 990 3748 scilicet
1010 3681 1095 3749 hisce
1117 3683 1212 3750 rebus
1233 3682 1310 3748 mihi
1323 3701 1389 3749 mo·

160 3803 262 3865 retur.
306 3798 447 3864 Primum
479 3797 510 3862 in
534 3797 582 3862 tit.
615 3793 680 3861 del.
704 3794 758 3861 IV.
782 3792 855 3876 458,
887 3799 903 3858 1
937 3793 979 3876 (a.
1005 3797 1065 3858 116
1097 3813 1128 3877 p.
1153 3793 1223 3860 Chr.
1255 3795 1386 3876 scripto)

160 3929 206 3979 vt.
226 3915 267 3976 23
289 3908 438 3992 legimus:
572 3930 626 3978 τος
641 3897 788 3993 Πρόκλου
810 3904 918 3994 ἤλειφε
938 3905 1038 3988 μετὰ
1057 3907 1123 3969 τοῦ
1147 3905 1213 3970 ὑοῦ
1230 3899 1387 3992 Κόσμου

161 4020 287 4112 ἡμέρας
301 4022 400 4087 πέντε.
435 4021 517 4101 Quid
535 4021 588 4088 hic
610 4017 765 4102 significet
788 4011 918 4105 »ἤλειφε
940 4013 1031 4080 πέντε
1052 4015 1209 4104 ἡμέραςε,
1232 4037 1314 4101 quae
1328 4035 1388 4086 vox

160 4136 268 4202 novies
290 4134 323 4200 in
337 4135 392 4198 illo
408 4133 456 4199 tit.
472 4133 590 4214 scripta
605 4135 666 4211 est,
687 4127 769 4194 infra
791 4129 918 4196 docebo.
954 4128 1016 4194 Hic
1037 4129 1116 4195 satis
1139 4134 1188 4196 est
1207 4129 1388 4213 intellegere

161 4245 231 4312 illos
253 4263 323 4311 esse
347 4243 493 4327 ephebos.
540 4242 666 4308 Patrem
688 4239 784 4324 igitur
806 4257 873 4304 nna
893 4255 963 4304 cum
985 4237 1049 4305 filio
1078 4239 1161 4306 inter
1189 4241 1326 4324 ephebos
1355 4240 1386 4306 in

162 4356 325 4442 gymnasio
347 4361 507 4422 versatum
528 4372 598 4420 esse
620 4352 845 4436 cognoscimus.
890 4350 954 4418 Sed
976 4353 1033 4432 qui
1062 4356 1094 4417 et
1122 4358 1213 4435 pater
1244 4357 1276 4419 et
1304 4351 1395 4449 filius.

163 4468 273 4536 eodem
295 4476 436 4552 tempore
458 4466 673 4550 duodeviginti
695 4479 794 4533 annos
826 4461 894 4528 nati
925 4467 1059 4543 possunt
1091 4464 1182 4530 esse?
1225 4465 1274 4530 Ea
1306 4463 1389 4530 enim

103 4615 105 4621 ·
161 4580 223 4648 fuit
247 4580 406 4664 »legitima
433 4584 540 4646 aetas«
574 4576 774 4662 epheborum.
818 4574 861 4640 ht
890 4573 984 4640 nullis
1006 4573 1266 4657 Dittenbergerus
1298 4593 1389 4659 argu-
