3436 5326
806 480 848 492 -
893 445 953 507 112
998 448 1049 489 -·

395 610 479 678 Casu
498 611 630 696 contigit
657 616 694 678 ut
714 617 825 696 postea
847 613 990 680 eiusdem
1020 613 1093 679 anni
1121 611 1242 694 integer
1269 609 1460 694 epheborum
1490 628 1540 677 ca·

309 723 433 805 talogus
456 723 498 788 sit
511 723 665 801 inventus,
688 723 741 807 qui
760 724 863 790 editus
886 729 934 790 est
948 725 981 790 in
995 723 1128 805 Ephem.
1152 723 1236 790 arch.
1254 745 1326 810 περ.
1340 723 1375 789 Β.
1399 740 1449 789 no.
1469 727 1538 799 107,

310 833 398 900 cuius
420 835 533 901 lemma
555 840 619 902 est:
643 833 676 899 ἐν
698 834 823 926 ἄρχοντι
842 834 963 912 Σύλλα,
982 831 1160 920 Ἀλκιδάμοο
1184 833 1438 924 κοσμητεύοντος.
1486 834 1540 900 At-

313 965 374 1028 que
397 953 568 1029 conparent
588 948 632 1014 ibi
653 948 735 1014 inter
758 948 893 1031 ephebos
916 952 1072 1015 cosmetae
1092 945 1149 1012 ¹filii
1171 945 1232 1011 Αἴλ.
1258 946 1464 1033 θεμιστοκλῆς
1480 941 1541 1009 Ἀλ-

309 1058 439 1143 κιδάμοο
469 1059 638 1147 Χολλείδης
665 1064 698 1126 et
730 1058 790 1126 Αἴλ.
810 1056 987 1146 Ἀλκίὸαμος
1010 1056 1195 1146 Ἀλκιδάμοο
1224 1057 1411 1146 Χολλείδης,
1445 1057 1540 1123 iidem

309 1171 417 1252 quiin
440 1177 547 1238 nostro
570 1172 662 1239 titulo
686 1172 733 1256 (O.
752 1173 777 1240 I.
795 1176 869 1257 246)
892 1173 1103 1242 inveniuntur.
1143 1173 1210 1238 Iam
1234 1171 1347 1239 collato
1370 1171 1424 1236 illo
1446 1169 1539 1236 titulo

308 1301 371 1350 non
394 1288 443 1350 est
466 1283 596 1351 dubium
619 1285 694 1368 quin
716 1285 761 1352 ita
783 1285 1014 1352 restituendum
1036 1286 1086 1362 sit,

716 1395 895 1487 Κοσμητὴν]
919 1396 1105 1482 Αλκίὸαμ[ον

861 1507 976 1597 ἔναλοι

717 1619 924 1708 θεμιστοκλῆς
946 1621 993 1684 καὶ

712 1726 888 1817 Ἃλκίὸαμος
909 1733 937 1795 οἳ
956 1727 1014 1796 Ἀλ-

716 1842 845 1927 κιδάμοο
868 1844 975 1923 οἱεΜς
996 1842 1073 1906 Χολ-

715 1953 815 2017 λεῖὄαι
839 1951 994 2018 ἀνέθεσαν

838 2064 886 2129 Διῒ

716 2173 842 2266 Σωτῆρι
864 2175 998 2266 ἐφήβων

780 2286 827 2350 ἐπὶ
849 2287 953 2352 Σύλλα
1088 2269 1090 2274 ¹

305 2404 691 2470 pronuntiasses
717 2401 880 2469 exhibet:.
904 2454 912 2470 .
936 2455 943 2470 .
967 2452 977 2472 .
1002 2405 1533 2485 ΕΝΗΣΑΛΚΙΔΑΜΟΥΙ

306 2515 396 2595 Quod
413 2515 521 2598 procul
536 2514 631 2581 dubio
645 2512 706 2580 fuit
720 2519 776 2578 aut
790 2517 946 2604 κοσμητης
956 2512 1131 2603 Ἁλκίόαμος
1152 2523 1208 2586 aut
1230 2519 1385 2606 κοσμητὴν
1404 2513 1535 2582 Ἀλκίὸα-

303 2647 379 2712 μονε
402 2627 508 2692 malim
530 2630 635 2692 tamen
664 2626 877 2692 accusativum
905 2645 1028 2711 casum,
1058 2635 1166 2712 aptum
1198 2651 1235 2697 ex
1262 2630 1365 2696 verbis
1398 2625 1533 2716 »ἔφηβοι

307 2735 497 2814 aniciensem
536 2756 724 2821 quamquam
756 2738 895 2819 reliquiis
923 2741 1148 2809 nominativum
1176 2743 1276 2826 magis
1306 2740 1438 2807 indicari
1466 2740 1534 2823 ipse

304 2868 367 2916 non
388 2848 514 2915 infitior.

397 2966 551 3034 Vs.2-3.
575 2966 657 3046 Quid
673 2967 782 3033 volunt
796 2967 921 3034 nomina
945 2981 1216 3042 susurrarret,
1233 2963 1534 3035 rucuocrHaec

305 3078 347 3144 ad
367 3079 494 3145 titulum
522 3097 584 3144 non
612 3079 768 3160 pertinere
798 3080 898 3146 multa
926 3085 1000 3146 sunt
1028 3097 1109 3160 quae
1132 3079 1354 3146 demonstrent.
1391 3080 1532 3146 Primum

302 3189 472 3270 locusque
495 3191 612 3274 scripta
633 3196 722 3275 sunt;
745 3193 857 3259 deinde
878 3193 946 3276 ipse
967 3193 1143 3258 litterarum
1167 3193 1280 3258 ductus
1302 3192 1393 3274 utqui
1419 3192 1458 3258 ab
1482 3210 1532 3258 ce·

303 3301 379 3366 teris
401 3301 586 3382 abhorreat3
613 3321 685 3368 nam
707 3303 882 3370 Boeckhius
914 3304 1059 3370 adnotat:
1085 3303 1181 3370 »haec
1204 3303 1266 3369 duo
1289 3303 1415 3370 nomina
1443 3323 1532 3386 pror-

304 3429 359 3477 sus
389 3412 518 3479 diuersis
548 3417 580 3479 et
609 3415 706 3480 multo
734 3415 906 3482 minoribus
934 3415 1047 3482 litteris
1081 3415 1278 3498 interposita,
1298 3415 1411 3482 ceteris
1445 3420 1530 3481 sunt.

305 3521 419 3588 Cetera
449 3524 619 3592 maioribus
647 3526 791 3594 ductibus
825 3532 858 3593 et
889 3527 1113 3594 vetustioribus
1147 3531 1221 3593 suut
1253 3526 1400 3609 scripta«.
1450 3527 1530 3592 Tum

302 3653 342 3700 ne
372 3638 447 3699 sunt
476 3637 601 3718 quidem
632 3639 772 3705 eiusdem
801 3640 873 3706 anni
901 3640 1027 3722 ephebi3
1057 3657 1120 3705 non
1145 3637 1427 3723 gdeprehenduntur
1449 3639 1532 3704 enim

305 3746 388 3812 inter
416 3748 551 3831 ephebos
576 3750 608 3816 in
637 3751 769 3834 Ephem.
799 3751 883 3817 arch.
913 3752 933 3816 l.
962 3751 993 3828 h,
1021 3751 1162 3832 quamvis
1191 3750 1273 3816 omni
1300 3769 1339 3816 ex
1368 3755 1463 3832 parte
1486 3750 1531 3814 in·

302 3863 391 3942 teger
412 3861 454 3926 sit
482 3861 602 3927 titulus.
647 3863 759 3944 Itaque
787 3869 873 3930 recte
903 3863 964 3929 iam
987 3863 1164 3930 Boeckhius
1186 3861 1276 3928 lineis
1306 3861 1463 3944 separavit
1491 3861 1530 3927 ab

302 3970 422 4038 ceteris.
474 3973 573 4039 Immo
607 3993 681 4040 vero
713 3991 843 4056 prorsus
874 3975 1080 4058 expungenda
1110 3991 1178 4040 esse
1204 3974 1365 4058 videntum
1395 3973 1434 4038 ab
1462 3971 1530 4055 ipso

306 4082 388 4149 enim
410 4082 604 4150 Fourmonto
627 4085 755 4152 consilio
786 4086 890 4152 nescio
918 4103 980 4167 quo
1013 4105 1052 4152 ex
1078 4104 1136 4152 suo
1165 4086 1311 4152 uidentur
1335 4083 1529 4167 interposita.
1563 4147 1566 4154 .

302 4193 384 4260 Nam
399 4193 583 4262 Pittahisius
605 4196 730 4276 quidem
753 4197 864 4264 eodem
885 4196 971 4262 tituli
992 4195 1060 4264 loco
1081 4217 1122 4265 ne
1144 4198 1236 4264 nnius
1259 4197 1384 4280 quidem
1405 4195 1529 4261 litterae
1551 4218 1554 4222 ·

304 4291 491 4388 particulam
514 4327 551 4375 ex
573 4307 659 4374 hisce
682 4307 805 4378 duobus
827 4308 1004 4399 nominibus
1026 4309 1165 4394 praebet,
1188 4310 1244 4376 sed
1265 4309 1298 4374 id
1313 4307 1528 4376 tantummodo

301 4419 386 4500 quod
408 4424 489 4486 vs2
511 4419 698 4502 postulatur,
730 4419 784 4486 sci.
808 4415 932 4508 ἔφηβοι.
977 4420 1087 4503 Neque
1116 4418 1270 4487 difficilior
1298 4421 1383 4488 lectu
1404 4419 1530 4486 uidetur

302 4549 372 4598 esse
394 4533 564 4614 inscriptio,
589 4529 736 4616 quoniam
758 4531 808 4600 uel
829 4531 1015 4599 Pittahisius
1037 4531 1118 4600 hanc
1140 4532 1267 4616 quidem
1287 4532 1442 4616 integram
1464 4530 1529 4598 fere

260 4707 266 4718 .
300 4651 386 4715 recte
413 4647 586 4731 descripsit.
631 4645 743 4730 Itaque
764 4645 897 4730 suspitio
920 4645 1020 4712 oritur
1041 4645 1081 4713 ab
1103 4645 1171 4730 ipso
1192 4645 1383 4714 Fourmonto
1414 4635 1451 4714 ex
1479 4663 1529 4714 ar-

307 4761 416 4848 bitrio,
442 4766 479 4828 ut
499 4761 591 4829 libuit
611 4759 783 4839 interdum,
811 4758 939 4830 uomina
961 4777 1029 4828 esse
1051 4758 1245 4842 interposita.
