3436 5326
826 345 1057 408 -1362

417 536 557 616 Quorum
579 553 653 600 num
675 534 745 618 quis
767 535 800 600 in
822 531 924 599 indice
946 534 1053 597 nostro
1077 527 1343 610 deprehenditur?
1376 528 1459 595 Saue
1488 546 1557 596 con-

330 649 494 716 tenderim.
530 649 656 714 Etenim
678 649 735 716 ool.
752 648 797 715 IV
818 653 900 715 vsl
922 646 1039 711 Pittah.
1064 642 1212 711 describit
1238 643 1271 714 Θ
1296 705 1303 722 ,
1329 629 1556 738 ΟΦΙΛΟΕ,

244 788 247 796 ·
331 763 387 828 sed
408 763 441 828 in
462 761 565 844 lepide
586 767 707 828 restore
729 779 840 828 censeo
1210 823 1218 840 ,
1241 769 1284 837 e.
1309 748 1557 852 .0blh0c‚

331 877 415 958 quod
437 876 665 942 restituendum
688 874 783 940 sitin
1197 857 1557 952 ΔΕΙΝΟΦΙΑΟΕ,

331 985 517 1072 Δεινόφιλοτ,
529 991 566 1051 ut
576 985 638 1050 iam
649 984 765 1065 notavi,
777 1003 805 1050 o.
816 989 856 1048 49
868 1002 898 1066 p.
909 982 981 1048 Chr.
994 984 1109 1049 archon
1121 985 1195 1067 fuit3
1208 986 1370 1065 quaeritur
1381 1003 1457 1050 num
1468 989 1559 1064 quat·

331 1103 405 1164 tuor
426 1097 516 1163 annis
540 1100 633 1161 antee
650 1114 760 1161 reuera
774 1095 805 1159 iu
821 1094 921 1161 indice
936 1093 1114 1161 inveniatur
1130 1090 1333 1180 Ἀντίπατρος,
1355 1096 1460 1178 utqui
1476 1114 1504 1160 a.
1516 1098 1558 1158 45

331 1229 362 1292 p.
379 1207 451 1274 Chr.
474 1206 591 1273 archon
613 1204 716 1272 fuerit.
755 1204 852 1270 Index
875 1205 999 1288 quidem
1023 1210 1174 1287 quattuor
1187 1206 1329 1272 versibus
1345 1210 1417 1271 aute
1433 1205 1559 1271 exhibet

330 1308 636 1417 ΑΝΤΙΟΧΟΕ,
664 1337 726 1402 quo
749 1319 781 1384 in
803 1321 927 1386 nomine
947 1320 1047 1387 latere
1070 1339 1181 1388 censeo

331 1421 712 1528 ΑΝΤΙΠΑΤΡΟΕ;
732 1439 788 1503 eut
799 1434 878 1504 falso
889 1437 1001 1522 legerit
1012 1443 1067 1504 aut
1080 1442 1198 1505 temere
1209 1439 1401 1520 suppleverit
1410 1437 1558 1503 Pittekis.

331 1553 478 1620 Fortasse
493 1558 637 1635 superest
650 1540 776 1639 ΑΝΤΙ
793 1615 801 1632 .
816 1536 965 1650 h..0c‚
985 1553 1068 1633 quod
1083 1552 1115 1617 in
1131 1552 1335 1618 describendo
1347 1551 1515 1634 supplebat
1526 1553 1558 1615 in

651 1652 850 1748 ΑΝΤΙΟΧ
891 1669 970 1763 OC,
997 1666 1143 1733 facillime
1164 1666 1295 1732 ratione.
1333 1665 1411 1730 Mihi
1431 1665 1559 1748 quidem

332 1781 390 1846 hac
413 1779 452 1846 de
474 1799 509 1845 re
531 1779 696 1860 serupulus
718 1797 780 1844 non
806 1783 914 1846 restat.
958 1777 1100 1860 Denique
1129 1777 1168 1843 de
1195 1777 1409 1858 Dionysodoro
1438 1782 1486 1842 est
1514 1779 1559 1842 vi-

334 1892 478 1970 dendum,
502 1891 556 1973 qui
578 1909 606 1956 a.
632 1894 671 1955 52
694 1891 810 1957 archon
833 1894 910 1956 erat.
956 1890 1033 1955 Eius
1055 1907 1167 1954 nomen
1190 1888 1260 1953 ideo
1283 1887 1474 1971 deprehendi
1496 1907 1559 1952 non

332 2006 438 2084 potest
458 2003 532 2082 quie
553 2002 610 2067 col.
631 2003 675 2069 IV
696 2008 769 2084 post
790 2000 1015 2086 Δ]ε[ιν]όφιλος
1036 1998 1077 2087 (a.
1096 2000 1150 2082 49)
1173 1999 1299 2064 nomine
1321 2000 1474 2082 quaedem
1489 2017 1559 2081 per·
1692 2005 1694 2094 3

330 2113 445 2178 ierunt.
478 2113 590 2194 Itaque
605 2113 839 2178 rescribendum
856 2111 990 2191 uidetur,
1014 2111 1107 2176 tertio
1123 2129 1216 2177 versu
1231 2115 1303 2193 post
1324 2109 1558 2196 Δ]ε[ιν]όφιλος.
1694 2174 1695 2188 ,

328 2225 425 2307 Atqui
452 2225 509 2290 col.
532 2224 560 2291 V
587 2243 633 2289 vs.
665 2230 677 2289 l
710 2224 776 2289 veri
803 2242 872 2290 esse
901 2223 1000 2289 simile
1029 2241 1124 2306 supre
1151 2223 1214 2287 iam
1242 2223 1375 2287 diximus
1407 2223 1558 2305 scriptum

328 2334 425 2401 fuisse
440 2333 706 2422 Μ[ητρόὸορος];
730 2333 813 2418 quod
836 2335 863 2398 si
884 2353 993 2400 verum
1009 2338 1067 2411 est,
1090 2332 1223 2399 efficitur
1238 2333 1461 2414 Metrodorum,
1484 2353 1555 2399 oum

327 2446 386 2512 sub
407 2445 478 2527 ipso
502 2445 633 2511 Claudio
654 2445 852 2526 imperatore,
875 2447 929 2529 qui
951 2464 978 2510 a.
1004 2450 1043 2509 54
1064 2465 1094 2528 p.
1118 2443 1190 2510 Chr.
1213 2426 1299 2525 obiit,
1322 2445 1438 2511 archon
1460 2443 1558 2512 fuerit

327 2555 379 2637 (cl.
402 2554 437 2621 0.
461 2557 485 2622 Ι.
510 2557 601 2638 266),
629 2560 685 2621 aut
706 2556 791 2622 nullo
813 2556 976 2622 interiecto
999 2575 1025 2621 a.
1052 2561 1091 2622 53
1118 2575 1148 2637 p.
1173 2554 1256 2638 Chr,
1286 2560 1343 2620 aut
1369 2575 1431 2622 uno
1458 2556 1558 2620 inter-

225 2645 228 2652 *
324 2668 421 2733 misso
442 2686 469 2732 a.
495 2671 535 2734 54
555 2686 586 2750 p.
603 2666 675 2732 Chr.
693 2667 912 2750 Dionysodoro
935 2667 1134 2734 successisse.
1171 2666 1234 2734 Sed
1256 2667 1349 2733 etiem
1373 2667 1488 2733 certius
1503 2687 1555 2733 res

327 2775 504 2844 definienda
532 2778 606 2855 erit,
636 2779 777 2859 quamvis
803 2778 909 2860 paullo
936 2778 1125 2859 impeditius.
1171 2778 1262 2861 Apud
1285 2778 1488 2862 Phlegontem
1516 2777 1557 2844 de

325 2889 435 2956 mirab.
459 2908 485 2956 c.
510 2894 549 2954 27
572 2890 721 2971 legimus:
746 2888 917 2978 »ἄρχοντος
938 2885 1081 2978 Ἀθήνησι
1103 2888 1259 2964 Κόνωνος,
1282 2888 1498 2954 ὑπατευόντων
1521 2889 1555 2952 ἐν

321 2998 424 3088 Ῥώμῃ
451 2999 578 3064 Κοΐντου
609 2999 795 3064 θύολουοίοο
822 2999 1015 3086 Σατορνίνου
1045 3003 1093 3064 καὶ
1121 2999 1259 3085 Ποβλίου
1289 3001 1460 3089 Κορνηλίου
1489 2999 1558 3064 Σκι·

327 3110 469 3181 πίτνοντα
505 3112 547 3177 Hi
569 3113 711 3179 consules
734 3112 861 3179 fuerunt
884 3133 912 3180 a.
929 3113 968 3180 U.
985 3112 1020 3179 G.
1043 3118 1115 3194 809,
1138 3115 1158 3180 i.
1179 3133 1206 3180 e.
1228 3117 1268 3179 56
1290 3133 1321 3196 p.
1339 3112 1411 3179 Chr.
1445 3113 1559 3178 Postu-

327 3221 411 3286 lutnr
433 3241 508 3303 ergo
530 3223 562 3288 in
585 3222 694 3290 eolv
716 3241 829 3291 nomen
850 3223 970 3301 Κόνων,
992 3243 1093 3307 neque
1113 3229 1219 3291 tamen
1233 3225 1407 3303 inuenitnr3
1429 3223 1486 3290 sed
1500 3242 1558 3306 pro

329 3352 366 3399 eo
387 3333 508 3422 Ζήνων.
551 3336 699 3402 Fortasse
719 3337 752 3401 in
771 3337 875 3420 lepide
890 3344 1054 3422 supererat
1076 3400 1084 3418 ,
1103 3400 1111 3418 ,
1129 3339 1276 3436 ΝωΝ,
1307 3335 1390 3420 quod
1414 3337 1558 3402 Pittalris.

333 3445 366 3508 in
388 3445 592 3512 describendo
615 3448 807 3529 suppleverit
828 3449 860 3516 in
883 3449 1004 3540 Ζήνων.
1053 3452 1144 3531 Quod
1166 3471 1202 3519 eo
1224 3450 1345 3518 lucilius
1368 3451 1398 3514 ei
1419 3447 1561 3514 accidere

332 3562 457 3642 poteret
482 3559 557 3640 quia
584 3563 640 3628 col.
665 3563 710 3628 IV
737 3563 831 3646 plane
860 3565 968 3632 eodem
996 3566 1028 3631 in
1057 3585 1151 3632 uersu
1177 3565 1301 3648 legebat
1329 3565 1556 3642 ΖΗΝωΝ.
1606 3585 1609 3588 ·

335 3673 455 3739 Facere
470 3692 531 3739 non
547 3693 674 3758 possum
690 3677 765 3759 quin
780 3695 924 3744 censeam
939 3679 982 3744 ibi
992 3679 1227 3746 rescribendum
1244 3696 1313 3752 esse
1335 3679 1410 3757 ΚΟ
1422 3681 1453 3755 Ν
1464 3677 1507 3748 m
1517 3681 1561 3753 N.

334 3783 378 3850 nt
398 3788 498 3852 restet
520 3786 604 3868 quod
626 3784 774 3854 offendet.
810 3789 855 3854 Ut
877 3807 973 3872 snpra
990 3789 1053 3856 iam
1067 3790 1183 3872 notaui,
1206 3788 1314 3856 Conon
1329 3808 1358 3856 e.
1376 3793 1415 3854 56
1437 3807 1468 3871 p.
1485 3788 1558 3856 Chr.

338 3976 544 3989 νε*-

336 4094 380 4160 (·-·
398 4070 433 4179 ἓξ
450 4114 477 4164 p.
495 4095 574 4164 che),
592 4096 670 4149 altera
687 4098 714 4150 in
732 4097 833 4166 Olymp.
853 4099 910 4162 208,
931 4101 944 4153 1
964 4099 1008 4165 (=
1026 4073 1061 4180 {3-
1082 4117 1107 4166 p.
1126 4098 1204 4166 che).
1239 4100 1327 4166 ltaque
1345 4116 1402 4152 cum
1420 4099 1563 4168 ignoremus

339 4225 415 4276 quem
431 4207 553 4260 rationem
570 4207 686 4276 Phlegon
704 4209 753 4260 heo
769 4210 796 4262 in
813 4227 841 4262 re
859 4217 958 4262 secutus
977 4211 1017 4271 sit,
1041 4226 1092 4261 uno
1116 4225 1217 4276 quoque
1240 4227 1299 4262 casu
1325 4211 1371 4263 erit
1395 4212 1565 4277 quaerendum

338 4301 422 4346 utrum
439 4293 473 4344 sd
489 4293 597 4360 priorem
616 4311 648 4345 sn
667 4295 699 4346 sd
717 4297 879 4362 posteriorem
897 4296 956 4347 unni
968 4296 998 4348 U.
1011 4295 1040 4349 0.
1059 4303 1155 4363 portem
1172 4296 1265 4348 archon
1278 4305 1380 4364 spectet.
1408 4297 1564 4348 Venientem

339 4388 379 4432 est
396 4379 479 4432 simile
496 4396 527 4430 ee
543 4379 638 4432 radone
655 4397 714 4432 eum
730 4399 805 4433 usum
822 4400 879 4434 esse
896 4390 925 4434 ut
947 4399 1004 4433 oum
1027 4381 1141 4434 mirabile
1165 4383 1292 4449 quoddam
1315 4383 1409 4435 fretum
1432 4383 1459 4434 in
1480 4383 1565 4450 priore

340 4464 400 4518 anni
415 4465 446 4518 U.
460 4465 487 4516 0.
505 4473 576 4532 parte
593 4466 716 4518 accideret
732 4467 845 4519 eiusdem
858 4467 1038 4535 olympiadum
1055 4467 1115 4520 enni
1132 4468 1285 4532 anebontem,
1303 4485 1360 4522 eum
1377 4468 1403 4520 in
1419 4469 1566 4537 posteriore,

341 4550 469 4619 sequentis
488 4550 668 4620 olympiadum
685 4551 744 4622 enni
761 4553 906 4607 archontem
923 4559 1026 4606 notaret.
