3418 5340
673 365 886 428 ,39-

164 551 396 632 praeoccupato
419 547 472 614 illo
493 547 607 616 iudicio
636 567 697 633 quo
726 549 899 632 posteriore
932 555 1073 634 tempore
1105 549 1138 616 in
1170 551 1391 636 magistratum

168 679 240 726 earn
262 663 416 726 mutatam
439 677 508 726 esse
530 659 614 726 velit.
659 661 764 743 Atque
786 661 825 728 de
847 661 996 745 ephebica
1017 663 1266 746 gymnasiarchia
1296 683 1393 748 supra

165 770 374 838 refutavimus
408 789 479 838 cum
512 771 675 839 docuimus
702 771 752 840 vel
785 773 866 840 hanc
898 773 1100 842 iudicandum
1127 793 1196 843 esse
1223 775 1392 860 liturgiam.

168 883 333 950 Publicam
356 887 462 951 autem
484 883 782 968 gymnasiarchiam‚
815 885 929 952 iterum
951 885 1019 969 aio,
1053 904 1182 970 prorsus
1204 906 1267 954 non
1288 892 1394 972 potest

167 995 378 1062 demonstrari
399 999 553 1062 mutatam
576 1013 645 1062 esse
666 996 699 1061 in
721 995 950 1079 magistratum.
997 997 1102 1081 Ipsam
1132 1015 1205 1066 vero
1232 998 1393 1080 liturgiam

166 1107 254 1173 illam
277 1107 370 1173 etiam
393 1107 567 1190 posteriore
583 1110 723 1191 tempore
739 1107 891 1174 mansisse
913 1109 979 1191 ipse
1002 1108 1110 1176 docuit
1130 1109 1393 1194 Dittenbergerus

166 1237 206 1284 ex
238 1218 362 1284 nomine
395 1215 614 1306 λαμπαδαρχία
648 1215 728 1297 (dcl.
752 1218 777 1299 I,
799 1238 829 1302 p.
854 1222 925 1284 328.
950 1219 1060 1303 111‚p.
1088 1222 1170 1305 154).
1225 1220 1392 1306 »Λαμπαδ-

167 1326 282 1418 αρχίαι
307 1328 444 1394 enimet
467 1327 732 1417 »γυμνασιαρχίαι
757 1328 934 1396 docunius
957 1334 990 1396 et
1011 1330 1151 1398 eiusdem
1173 1331 1219 1398 rei
1249 1350 1318 1399 esse
1340 1351 1393 1400 yo-

168 1440 283 1507 cabula
297 1439 379 1506 idem
394 1444 479 1506 recte
494 1440 615 1507 monuit
631 1439 665 1528 (l.
681 1439 701 1506 1.
714 1460 745 1524 p.
758 1442 823 1524 41).
847 1440 910 1508 Sed
925 1441 1019 1508 etiam
1035 1460 1147 1509 nomen
1164 1443 1280 1510 mansit
1292 1447 1397 1527 poste·

167 1551 253 1617 riore
275 1556 423 1634 tempore.
468 1551 549 1616 Nam
571 1551 603 1618 in
626 1552 674 1618 tit.
699 1551 732 1617 O.
756 1552 781 1618 Ι.
806 1556 878 1634 267,
902 1553 955 1636 qui
979 1551 1047 1618 »ἐπὶ
1068 1551 1309 1639 Διονυσοδώρου
1339 1553 1394 1640 ἅρ-

159 1685 296 1753 χυυτσςσ
320 1663 495 1745 imperante
518 1661 650 1730 claudio
673 1668 723 1730 est
746 1663 892 1747 scriptur,
913 1664 1011 1731 habes
1027 1663 1320 1756 ἐγυμνασιάρχρσαυ
1333 1665 1394 1730 ἀπὸ

169 1773 411 1861 Διονυσοδώρου
433 1773 521 1840 etde:
544 1780 694 1842 secuntur
716 1775 881 1842 duodecim
911 1775 1047 1843 nomina.
1099 1777 1223 1844 Titulus
1252 1777 1304 1844 ille
1333 1797 1396 1846 non

167 1891 217 1952 est
239 1885 417 1970 ephebicus.
463 1885 545 1953 Sunt
566 1906 641 1971 ergo
664 1887 709 1952 illi
737 1887 968 1972 gymnasiarchi
997 1907 1055 1971 pro
1084 1888 1218 1970 publicis
1248 1889 1393 1958 habendi.

167 1999 212 2063 Et
234 1999 351 2082 optime
373 1999 519 2081 congruit
541 2017 650 2065 eorum
672 2017 831 2066 numerus,
876 1999 942 2066 Hos
966 2001 1048 2066 enim
1070 2001 1335 2083 gymnasiarchos,
1359 2007 1395 2068 ut

167 2129 281 2204 omnes
298 2109 442 2193 liturgoS,
464 2129 482 2175 e
504 2109 635 2194 singulis
658 2110 805 2178 tribubus
828 2111 967 2195 singulos
991 2112 1063 2196 eligi
1097 2113 1206 2179 solitos
1229 2132 1298 2181 esse
1327 2133 1397 2181 con-

166 2227 242 2289 stat.
289 2221 407 2288 Contra
429 2221 605 2288 Boeckhius
639 2222 680 2288 ad
713 2222 743 2288 h.
779 2223 829 2288 tit.
859 2243 897 2290 ex
930 2223 1240 2308 gymnasiarchorum
1272 2225 1396 2292 illorum

167 2353 300 2401 numero
323 2333 408 2400 aliud
431 2333 571 2417 collegit:
605 2333 633 2400 is
661 2333 745 2400 enirn
767 2335 877 2402 eodem
909 2355 971 2418 quo
993 2335 1256 2418 Dittenbergcrus
1290 2333 1397 2404 errore

167 2451 358 2527 commotus,
398 2463 461 2527 quo
492 2446 717 2529 imperatorum
751 2450 854 2512 aetate
887 2445 1168 2530 gymnasiarchiam
1200 2451 1397 2514 menstruum

166 2543 282 2624 lactum
305 2576 374 2624 esse
395 2557 614 2639 magistratum
638 2563 788 2640 censeret,
816 2557 887 2624 illos
915 2574 1040 2642 quoque
1068 2557 1323 2640 gymnasiarchos
1352 2559 1398 2624 in·

166 2669 289 2736 tellexit
310 2674 506 2753 menstruos,
527 2687 659 2751 eumque
681 2669 844 2736 duodecim
867 2669 911 2736 ibi
932 2673 1165 2751 recenseantur,
1200 2670 1312 2735 statuit
1339 2688 1392 2735 an-

168 2800 246 2848 num
266 2781 350 2847 illius
373 2781 457 2846 tituli
479 2777 577 2848 fuisse
599 2779 764 2846 duodecim
785 2779 954 2861 mensium,
987 2799 1049 2846 non
1082 2779 1308 2847 intercalarem.
1352 2781 1396 2846 Et

169 2911 240 2961 eam
262 2893 362 2976 ipsam
384 2893 425 2960 ob
448 2911 575 2960 causam
598 2893 721 2959 censuit
742 2893 795 2959 illa
818 2895 923 2958 aetate
944 2909 1006 2958 non
1028 2891 1060 2956 in
1088 2908 1149 2956 usu
1174 2889 1271 2958 fuisse
1301 2891 1396 2958 Athe-

167 3005 329 3072 niensibus
363 3005 568 3089 Oallippicum
601 3005 720 3089 cyclum
749 3003 802 3084 (cl.
832 3001 977 3085 Boeckh,
1013 3003 1095 3068 »Zur
1117 3001 1305 3069 Geschichte
1337 3001 1394 3068 der

168 3115 393 3200 Mondcyclen«
417 3136 489 3202 pag.
513 3121 579 3195 62).
617 3117 704 3197 Quae
727 3114 884 3184 sententia
907 3133 945 3181 ex
967 3114 1013 3180 eis
1036 3132 1117 3198 quae
1140 3097 1243 3190 adhuc
1272 3114 1396 3192 demon-

164 3229 334 3296 stravimus
356 3245 419 3294 non
441 3229 574 3312 amplius
600 3228 730 3294 retineri
751 3231 865 3312 potest.
911 3225 971 3305 (01.
997 3226 1091 3292 etiam
1108 3245 1178 3310 pag.
1204 3227 1267 3311 13.)

254 3341 397 3423 Denique
418 3358 476 3421 pro
498 3339 632 3423 publicis
654 3339 790 3407 habendi
820 3342 894 3404 suut
921 3336 1155 3422 gymnasiarchi
1183 3336 1237 3420 qui
1265 3335 1398 3403 suntin

166 3452 215 3517 tit.
234 3447 306 3538 Ἐφ.
330 3451 401 3540 ἁρχ.
425 3455 519 3517 2031.
545 3455 638 3518 2032.
668 3450 703 3516 O.
726 3451 751 3516 I.
784 3455 856 3516 396.
886 3445 952 3535 ’Ep
984 3449 1054 3538 ἁρχ.
1085 3453 1146 3513 716
1178 3447 1232 3530 (=
1254 3446 1397 3528 Pictoris,

164 3553 253 3631 l'anc.
278 3564 350 3630 Ath.
373 3581 444 3647 pag.
471 3564 556 3646 108),
579 3560 647 3649 Ἐφ.
672 3563 742 3652 ἁρχ.
767 3567 840 3645 727,
864 3561 999 3628 fortasse
1021 3559 1115 3626 etiarn
1140 3555 1206 3644 Ἑρ.
1230 3557 1301 3648 ἀρχ.
1325 3563 1396 3623 241.

166 3681 238 3742 262.
262 3675 296 3742 0.
321 3675 344 3741 Ι.
368 3679 439 3740 256.
463 3675 536 3740 Ρ111.
559 3673 648 3741 l’anc.
671 3672 810 3742 Athenes
833 3691 903 3757 pag.
930 3676 1001 3738 194.
1030 3676 1089 3737 195
1114 3671 1154 3754 (1)
1177 3706 1221 3717 -

252 3785 314 3854 Sed
336 3787 414 3854 satis
436 3805 518 3853 nune
548 3787 587 3853 de
620 3785 881 3870 gymnasiarchis.
927 3783 1041 3850 Cetera
1073 3783 1107 3847 in
1140 3781 1254 3863 quibus
1276 3781 1397 3848 11111111-

163 3900 287 3982 bergeri
310 3881 525 3964 dissertationi
546 3916 609 3964 non
632 3897 826 3964 adsentimur
849 3915 910 3962 suo
936 3895 1004 3962 loco
1027 3892 1221 3976 proferemus
1249 3893 1281 3958 in
1312 3891 1396 3958 tituli

164 4032 185 4078 a
207 4030 269 4096 quo
291 4008 424 4091 proiecti
447 4027 555 4075 sumus
578 4009 842 4092 interpretatione
864 4007 942 4091 ipsa,
959 4024 1052 4090 quam
1067 4024 1150 4072 nunc
1165 4004 1395 4088 aggrediamur.

250 4122 288 4188 In
311 4121 396 4187 tituli
419 4119 547 4202 fastigio
564 4125 612 4187 est
627 4122 848 4205 anaglyphum,
865 4119 896 4183 in
920 4136 981 4200 quo
1005 4116 1171 4200 conplures
1195 4116 1306 4200 ephebi
1328 4134 1399 4182 con-

165 4232 354 4316 spiciuntur,
378 4251 511 4316 quorum
534 4249 616 4298 nnus
642 4229 952 4317 »lapradodpoyrei«,
976 4229 1028 4294 alii
1052 4229 1113 4294 duo
1128 4229 1210 4293 inter
1225 4245 1259 4292 se
1275 4227 1399 4308 luctari,

164 4347 300 4428 quartus
323 4329 462 4428 denique
483 4341 688 4426 contemplari
710 4343 844 4410 videtur.
878 4340 1049 4406 Dimidium
1070 4339 1136 4408 lere
1159 4338 1328 4422 anaglyphi
1350 4341 1399 4405 est

164 4456 344 4524 infractum.

254 4567 357 4650 Supra
380 4567 591 4651 anaglyphum
613 4568 645 4633 in
668 4567 797 4634 sinistra
819 4570 909 4651 parte
936 4567 1089 4648 scriptum
1120 4569 1168 4632 est
1196 4559 1332 4650 Ἀραθῇ,
1365 4562 1397 4628 in
