3418 5340
673 395 884 459 -43..

164 581 325 650 indicandi
347 581 472 667 publice
493 581 639 648 instituti.
674 581 722 647 Ex
744 580 858 662 quibus
880 578 1082 663 paedotribae
1103 587 1218 648 munus
1234 598 1389 647 summum

164 699 199 761 et
219 693 473 780 honestissimum
505 693 604 761 inisse
636 693 771 760 videtur.
815 692 920 759 Primo
952 692 1034 759 enim
1066 693 1135 760 loco
1168 691 1234 761 iere
1266 712 1390 777 semper

164 811 260 889 atque
282 806 360 872 adeo
382 806 461 873 haut
481 825 553 872 raro
576 806 608 872 in
631 806 708 891 ipsis
731 805 895 872 titulorum
917 805 1120 889 praescriptis
1142 805 1230 872 iuxta
1259 806 1389 872 archon-

163 921 228 984 tem
251 921 284 984 et
306 922 474 985 cosmecam
496 918 654 986 scribitur.
698 918 869 986 Praeterea
901 937 983 985 uuus
1011 919 1148 986 omnium
1180 918 1300 1002 primus
1332 939 1390 1004 per

163 1028 248 1094 vitae
269 1034 393 1111 tempus
415 1049 544 1097 munere
567 1028 709 1114 iungitur
730 1031 841 1112 idque,
874 1033 1027 1113 quantum
1059 1049 1097 1097 ex
1118 1031 1220 1098 titulis
1254 1035 1390 1116 constet,

164 1141 291 1208 circiter
313 1141 386 1206 inde
415 1142 455 1209 ab
476 1142 630 1208 Hadriani
659 1141 859 1226 imperatoris
887 1145 1001 1208 aetate.
1051 1141 1134 1210 Ante
1166 1141 1390 1226 imperatorum

162 1257 307 1335 tempora
329 1272 437 1320 earum
459 1272 565 1320 rerum
588 1271 670 1337 quae
692 1253 732 1318 ad
760 1253 975 1336 gymnasticen
1005 1253 1206 1336 corporisque
1239 1255 1390 1321 exercita·

163 1363 281 1430 tionem
304 1369 448 1448 spectant
476 1369 697 1449 praeceptores
725 1383 848 1448 semper
881 1369 955 1430 sunt
986 1364 1139 1448 quinque,
1175 1364 1388 1454 παιδοτρίβης

163 1469 349 1565 ὁπλομάχος,
384 1475 573 1565 ἀκοντιστής,
609 1469 747 1564 τοξότης,
776 1473 1055 1562 καταπαλταφέτης
1086 1473 1150 1562 (vel
1172 1475 1320 1565 ἀφέτης);
1354 1481 1387 1544 et

163 1587 471 1670 comprehenduntur
500 1587 624 1654 nomine
657 1579 842 1654 διδάσκαλοι
875 1587 924 1652 vei
953 1586 1118 1654 παιδευταί
1124 1611 1131 1664 ;
1165 1607 1298 1672 quorum
1330 1587 1390 1657 hoc

165 1717 280 1764 nomen
303 1699 397 1765 etiam
420 1700 644 1784 imperatorum
666 1702 771 1766 aetate
793 1703 966 1779 usurpatur
983 1715 1084 1780 usque
1101 1697 1166 1765 iere
1181 1699 1223 1764 ad
1237 1698 1390 1766 Hadriani

163 1810 363 1892 imperatoris
386 1815 537 1878 aetatem:
560 1809 633 1878 inde
656 1811 737 1877 enim
759 1809 792 1876 in
814 1809 900 1876 nullo
923 1810 1017 1878 titulo
1038 1811 1152 1893 inveni,
1176 1812 1231 1879 sed
1254 1811 1387 1878 audiunt

162 1925 274 2005 postea
295 1923 323 1985 oi
346 1923 418 2009 περὶ
440 1917 475 1990 τὰ
496 1921 683 2005 decreveras,
705 1922 739 1988 in
761 1941 824 1988 uno
846 1922 939 1988 titulo
963 1919 1026 1989 Φτλ.
1051 1923 1106 2004 IV,
1131 1927 1202 2005 547,
1226 1929 1244 1989 2
1276 1941 1388 1991 vocan-

163 2037 216 2098 tur
238 2027 341 2108 τάξεις
362 2032 395 2096 ἐν
417 2031 589 2120 Διογενείῳ.
628 2033 733 2117 Atque
755 2053 793 2100 ex
815 2034 952 2117 quinque
974 2033 1036 2100 iliis
1058 2034 1137 2100 nulli
1165 2036 1390 2118 imperatorum

162 2148 268 2211 aetate
291 2150 462 2228 supersunt
483 2145 544 2210 nisi
568 2143 776 2233 παιδοτρίβης
797 2148 830 2212 et
851 2139 1037 2236 ὁπλομάχος.
1082 2146 1195 2229 Itaque
1215 2146 1250 2212 si
1272 2146 1305 2212 in
1327 2163 1389 2228 quo

162 2256 255 2322 titulo
278 2258 414 2323 occurrit
437 2253 620 2344 ἀκοντιστής
640 2258 689 2324 vel
712 2252 844 2346 τοξότης
864 2256 914 2324 vel
948 2255 1248 2345 καταταλταφέτητ,
1282 2258 1390 2324 statim

164 2368 328 2436 diiudicari
350 2372 455 2451 potest
463 2369 603 2435 titulum
625 2389 687 2437 non
709 2388 803 2451 posse
824 2370 961 2436 incidere
992 2369 1024 2434 in
1054 2369 1277 2452 imperatorum
1305 2373 1391 2436 aeta-

163 2484 236 2546 tem.
281 2481 330 2546 Ea
351 2484 458 2546 autem
480 2484 586 2548 aetate
607 2482 835 2564 gymnasticam
857 2500 925 2548 rem
939 2499 1021 2562 quae
1035 2480 1161 2564 proprie
1176 2480 1291 2547 dicitur
1305 2479 1390 2547 solus

162 2590 356 2673 paedotriba,
379 2590 545 2659 militarem
568 2592 822 2660 exercitationem
844 2610 999 2674 usumque
1014 2611 1173 2660 armorum
1188 2611 1269 2659 unus
1283 2593 1391 2677 hoplo-

165 2702 296 2768 machus
329 2701 429 2768 docet.
485 2703 595 2784 Neque
628 2703 661 2768 id
693 2703 816 2769 mirum.
871 2703 1032 2771 Prioribus
1071 2723 1147 2772 sane
1186 2690 1380 2788 temporibus

162 2813 408 2880 Atheniensibus
430 2813 508 2880 nibil
530 2814 641 2880 maiori
672 2813 733 2881 init
760 2833 854 2906 curae
876 2833 972 2897 quum
996 2822 1033 2882 ut
1053 2815 1182 2882 iuvenes
1210 2834 1277 2882 rem
1307 2815 1389 2880 mili·

164 2929 265 2992 tarem
289 2924 447 2992 discerent
469 2930 501 2992 et
528 2927 650 2994 ratione
679 2931 712 2994 et
738 2945 807 2994 usu.
853 2926 931 2994 Cum
958 2947 1032 2995 vero
1055 2927 1293 2995 Atheniensium
1325 2945 1388 2994 res·

162 3038 289 3120 publica
322 3038 371 3104 sui
399 3039 477 3105 iuris
510 3057 579 3108 esse
611 3040 759 3108 desiisset
781 3039 1056 3124 Romanorumque
1088 3040 1218 3122 imperio
1251 3043 1387 3123 pareret,

163 3150 277 3217 bellica
299 3151 413 3217 civium
435 3151 535 3218 virtus
557 3151 739 3218 iamdudum
762 3151 942 3234 languebat,
964 3170 1066 3233 neque
1088 3151 1220 3235 amplius
1246 3167 1325 3234 opus
1346 3150 1389 3215 vi-

164 3261 299 3328 debatur
320 3266 356 3327 ut
378 3262 461 3328 cives
484 3262 525 3328 ad
548 3261 774 3330 defendendam
796 3263 930 3346 patriam
960 3263 1178 3330 educarentur.
1223 3263 1336 3346 Itaque
1358 3263 1391 3328 in

164 3373 355 3456 epheborum
376 3374 538 3457 gymnasio
561 3392 642 3440 unus
664 3373 888 3457 hoplomachus
910 3378 985 3442 tunc
1007 3375 1132 3456 quidem
1154 3373 1281 3440 militari
1304 3392 1390 3440 exer·

165 3483 314 3565 citationi,
337 3485 365 3550 si
387 3485 513 3568 quidem
535 3485 608 3551 talis
630 3483 691 3551 init
712 3504 748 3552 ac
771 3504 832 3552 non
854 3486 959 3568 potius
981 3505 1096 3552 vanum
1111 3484 1280 3552 ludibrium
1294 3485 1392 3566 quod·

165 3595 246 3677 dam,
275 3594 436 3662 satisfecit.
487 3597 608 3664 Idcirco
630 3598 692 3663 iam
722 3614 823 3678 neque
847 3594 979 3684 τοξότης
1000 3615 1101 3680 neque
1124 3597 1304 3685 ἀκοντιστής
1326 3614 1391 3661 am-

165 3707 248 3791 plius
270 3707 427 3774 invenitur
442 3707 475 3772 in
496 3710 658 3792 gymnasio
673 3727 774 3790 neque
790 3707 924 3789 denique
940 3707 1231 3795 καταταλτοφέτης;
1251 3707 1392 3792 quamvis

165 3819 301 3886 enimin
324 3819 391 3886 eius
414 3820 516 3900 locum
538 3819 712 3902 posteriore
734 3825 876 3903 tempore
898 3819 1086 3886 successisse
1108 3819 1252 3886 videatur
1266 3841 1391 3906 κεστρο-

166 3929 277 4016 φύλαξ,
292 3929 351 3997 hoc
367 3935 474 3996 tamen
491 3931 675 3997 vocabulum
691 3932 809 3998 indicat
823 3930 901 3997 illud
914 3931 1127 4014 praeceptoris
1149 3949 1262 3997 munus
1278 3931 1392 3998 abiisse

164 4045 196 4110 in
217 4045 281 4110 dm
302 4044 447 4110 ministri.
493 4044 618 4110 Revera
647 4063 721 4126 ergo
754 4043 865 4110 unicus
897 4042 1122 4124 hoplomachus
1155 4047 1230 4108 tunc
1262 4042 1393 4110 inservit

165 4155 293 4221 militari
316 4154 545 4221 exercitationi.
592 4155 721 4220 Accedit
743 4155 827 4237 quod
849 4174 888 4220 ex
909 4171 971 4235 quo
993 4172 1061 4220 mos
1084 4171 1190 4220 secum
1211 4153 1334 4222 ferebat
1356 4157 1392 4220 ot

166 4267 378 4336 nobilissimus
401 4267 534 4351 quisque
556 4271 588 4332 et
611 4265 784 4331 ditissimus
806 4265 939 4332 Athenis
960 4265 992 4330 iu
1015 4265 1206 4349 epheborum
1228 4265 1391 4348 gymnasio

165 4399 359 4462 perannum
383 4383 571 4460 versaretur,
596 4397 666 4446 cum
689 4377 844 4461 peregrini
866 4377 955 4442 multi
978 4377 1117 4460 undique
1143 4397 1181 4444 ex
1211 4376 1393 4444 Macedonia

167 4491 302 4558 Graecia
324 4491 417 4556 ltalia
440 4491 580 4557 Athenas
601 4490 633 4556 in
656 4490 853 4574 gymnasium
875 4489 1111 4569 concurrebant,
1134 4489 1166 4554 hi
1189 4506 1264 4556 sane
1279 4507 1316 4556 eo
1331 4507 1393 4556 non

166 4602 446 4685 proficiscebantur
474 4606 511 4668 nt
540 4602 573 4668 in
595 4602 765 4685 Diogeneio
787 4600 977 4670 militaribus
1006 4599 1281 4668 exercitationibus
1308 4600 1393 4666 labo
