3418 5340
826 365 1039 430 -36..

322 563 387 621 τῶν
410 555 561 620 πολειτιῦυ
583 551 660 618 κατὰ
675 551 774 641 φυλήν
797 547 950 638 ἔφηβοι.
973 585 1015 600 -
1052 549 1132 616 Item
1153 549 1186 615 in
1207 549 1256 616 ut.
1274 547 1337 614 Φιλ.
1352 549 1406 632 lv,
1421 568 1452 633 p.
1471 553 1543 632 322,
1682 513 1683 538 ¹

321 674 337 734 1
361 673 434 752 post
455 671 653 734 enumeratos
674 662 927 748 gymnasiarchos
949 662 1098 730 scribitur
1120 663 1149 726 ot
1177 659 1293 750 ἔφηβοι
1313 663 1464 743 ]πολεῖται
1485 661 1543 726 σὺν

319 785 385 851 τοῖς
416 779 686 868 γυμνασιαρχικοῖς
717 773 815 840 nithe.¹
868 773 981 858 ltaque
1015 774 1070 858 qui
1103 779 1341 842 antecesserunt
1372 773 1405 842 in
1438 773 1542 858 lepide

318 889 548 975 gymnesisrohi
569 893 644 958 snut
665 886 786 972 ephebi.
830 885 868 952 14
890 885 940 952 tit.
966 881 1210 969 44114444,
1234 892 1249 952 1
1279 887 1363 954 inter
1386 885 1543 970 gymnesi-

318 1002 431 1070 nrehos
452 1007 528 1070 snut
548 1001 611 1068 (144
632 1001 688 1082 qui
708 999 741 1066 14
763 997 903 1066 eiusdem
921 998 996 1064 4441
1019 997 1113 1066 titulo
1137 996 1200 1063 Φιλ.
1217 999 1242 1081 I,
1267 1003 1338 1076 384,
1354 1003 1373 1064 3
1395 1003 1542 1082 systrem·
1684 1009 1685 1016 ’

318 1113 688 1193 meterchuevoeontur3
711 1111 872 1178 hiantem
899 1127 1022 1193 semper
1049 1109 1161 1193 ephebi
1188 1113 1264 1178 sunt
1291 1109 1342 1189 (ef.
1364 1109 1543 1180 Dittenber·

316 1244 427 1311 gernm
449 1226 469 1294 l.
490 1225 512 1292 i.
534 1243 606 1310 peg-
632 1225 682 1292 18.
707 1223 770 1306 19).
814 1221 956 1288 Eandem
982 1220 1024 1288 oh
1051 1239 1178 1290 oensem
1207 1220 1436 1305 gymnesinrehi
1462 1219 1543 1287 indi·

317 1337 410 1405 candi
438 1341 512 1404 4444
533 1336 646 1420 ephebi
672 1335 705 1401 14
734 1335 784 1401 tit.
809 1331 951 1414 444111,
981 1336 1054 1401 272.
1077 1368 1119 1384 ·-
1164 1331 1226 1398 Φιλ·
1254 1333 1308 1411 Ν,
1341 1338 1414 1415 344,
1442 1337 1461 1399 3
1483 1330 1543 1418 (ibi

315 1449 399 1516 inter
435 1447 691 1532 gymnesiarehss
723 1450 773 1512 est
803 1441 1029 1532 Ἀπολλοφάνης
1055 1443 1208 1534 Εὐφήμου
1234 1443 1392 1533 Σφήττιος
1422 1444 1477 1526 qui
1508 1444 1541 1510 in

316 1559 457 1626 eiusdem
479 1559 554 1627 4444
568 1559 618 1625 tit.
629 1553 694 1645 Ἐφ.
710 1557 780 1646 ἀρχ.
797 1559 879 1622 2235
903 1556 1203 1638 systremmeterche
1216 1562 1275 1639 est,
1289 1556 1328 1625 of.
1345 1555 1421 1640 cap.
1436 1555 1539 1639 VIII.)

315 1707 359 1718 -·
388 1666 496 1760 Ἐφηρ.
519 1670 590 1760 ἀρχ.
613 1689 663 1737 no.
686 1673 759 1736 862.
793 1703 836 1718 -
878 1667 914 1734 In
945 1663 1009 1730 Φιλ.
1032 1665 1089 1750 Ν,
1118 1671 1190 1750 280,
1220 1673 1239 1734 2
1271 1668 1355 1736 inter
1385 1668 1540 1753 gymnesi-

319 1781 431 1848 erehos
452 1787 501 1848 est
530 1780 634 1868 ἱερεὺς
654 1773 816 1855 Ἀντινόοος
848 1778 882 1846 id
910 1783 1017 1844 entem
1047 1797 1162 1848 mnnns
1191 1797 1314 1863 semper
1347 1783 1398 1846 est
1429 1778 1539 1863 ephebi

317 1890 368 1975 tei.
391 1892 531 1960 Dittenb.
554 1893 575 1958 1.
598 1893 618 1959 l.
640 1911 711 1976 pag.
737 1895 787 1974 73,
811 1892 862 1975 3.).
908 1889 1229 1960 14444444414414
1256 1888 1320 1956 441.
1342 1890 1397 1974 Ν,
1421 1895 1492 1972 559,
1506 1889 1536 1956 3.

317 2039 360 2050 -
383 2003 421 2069 14
442 2005 491 2070 414.
516 2001 580 2070 uri.
603 2003 658 2087 Ν,
682 2007 754 2085 344,
777 2002 796 2067 2
824 2001 1083 2086 gymnesierehus
1110 2000 1303 2087 Πολύ[νικος]
1332 2002 1416 2070 inter
1447 2002 1538 2087 ephe

314 2114 371 2180 bos
393 2115 527 2182 victores
548 2115 640 2182 redit.
664 2152 704 2163 —
737 2115 776 2182 In
797 2113 845 2181 nt
870 2111 903 2179 0.
925 2112 951 2179 Ι.
976 2117 1047 2195 274,
1070 2113 1100 2181 b.
1147 2111 1211 2178 Φιλ.
1234 2115 1260 2195 Ι,
1284 2117 1356 2180 382.
1378 2114 1433 2196 Ν,
1462 2119 1535 2192 458,

317 2231 332 2290 1
356 2225 613 2308 gymnasiarchus
635 2243 759 2294 444444
782 2223 875 2292 simul
897 2225 1090 2308 agonotheta
1111 2230 1173 2292 eet:
1196 2224 1402 2309 agonothetes
1430 2230 1536 2292 eutem

305 2337 391 2419 ipsos
413 2355 482 2406 esse
505 2337 641 2421 ephebos
663 2335 744 2404 Inire
766 2335 1061 2403 demonstrabimus.
1107 2335 1195 2402 Idem
1224 2336 1309 2404 cedit
1337 2337 1369 2404 in
1398 2337 1446 2404 tit.
1471 2333 1534 2401 441.

307 2451 497 2528 283,1.-
542 2448 581 2514 14
601 2447 651 2514 444.
675 2446 709 2513 Ο.
732 2447 759 2513 Ι.
791 2451 853 2512 246
881 2446 966 2514 inter
995 2446 1251 2530 gymnosinrohos
1280 2451 1329 2514 est
1356 2439 1537 2536 στρατηγός

305 2555 360 2622 sel.
383 2557 552 2638 ephehions
575 2556 650 2641 (vid.
672 2575 754 2642 quse
775 2557 857 2624 infre
879 2557 919 2624 de
941 2577 979 2626 ee
1000 2576 1035 2623 re
1057 2557 1221 2638 adieram).
1243 2595 1287 2608 —
1320 2559 1358 2624 In
1379 2559 1427 2626 tit
1450 2558 1535 2642 apud

305 2667 453 2735 Rossium
477 2668 536 2738 »de
558 2667 677 2736 demis«
701 2688 752 2736 4ο.
776 2673 816 2736 29
838 2669 1097 2752 gymnasiorohns
1124 2689 1162 2737 ex
1183 2670 1282 2754 ipsius
1301 2669 1535 2754 Dittenhergeri

306 2778 340 2863 (l.
363 2779 384 2844 1.
407 2798 479 2863 pag.
502 2785 540 2846 41
565 2784 632 2846 444.
656 2785 689 2859 3)
712 2782 870 2848 sententie
892 2786 941 2848 est
964 2780 1117 2863 ephebus.
1140 2817 1182 2830 —
1222 2782 1321 2848 Porro
1342 2782 1375 2848 in
1397 2781 1445 2848 414.
1469 2778 1533 2846 oo

304 2890 330 2972 Ι,
364 2895 422 2958 381
464 2891 619 2975 expressis
652 2892 755 2960 verbis
789 2892 921 2960 dicitur:
962 2893 991 2956 oi
1021 2889 1137 2981 ἔφηβοι
1166 2887 1294 2960 Ἀττικόν
1327 2893 1379 2957 τὸν
1411 2893 1533 2957 ἑαυτῶν

303 3000 535 3089 σονέφηβον
568 3003 629 3066 καλ
661 3001 960 3092 γυμνασίαρχον
993 3001 1160 3092 ἀνέθηκαν.
1217 3005 1298 3072 Item
1331 3002 1450 3071 hbet.
1471 3004 1531 3086 III,

305 3117 376 3194 350,
403 3119 418 3178 1
445 3111 626 3202 Θράσυλλος
654 3113 889 3202 ἐφηβεύσας
911 3149 953 3162 -
981 3116 1340 3206 γυμνασιαρχήσας
1371 3113 1533 3203 ἀνέγραψε

307 3223 359 3286 τὸν
382 3221 563 3311 συνέφηβον
587 3221 795 3311 Φιλαθήναιον
818 3225 867 3288 καλ
893 3224 968 3298 τοὺς
989 3225 1102 3298 ἄλλους
1123 3227 1378 3318 συνεφήβους
1400 3225 1533 3298 καθὼς

302 3331 692 3425 ἐγυμνασιάρχησαν.
716 3371 758 3385 -
792 3335 895 3420 Supra
919 3336 983 3402 ism
1004 3337 1139 3405 vidimus
1161 3338 1194 3404 in
1216 3339 1264 3404 tit.
1289 3335 1352 3404 Φιλ.
1376 3339 1434 3421 ΠΙ,
1457 3343 1531 3421 444,

307 3449 335 3508 1.
358 3443 419 3528 ΙΙΙ,
445 3449 516 3524 553,
540 3443 650 3533 2.·Ν,
672 3449 744 3530 280,
769 3450 797 3529 2,
820 3447 896 3515 alibi
924 3448 1179 3532 gymnesimchos
1208 3449 1350 3532 quemvis
1376 3450 1410 3516 in
1438 3449 1531 3534 ephe·

305 3556 417 3623 borum
440 3557 583 3640 oatnogo
605 3575 670 3624 non
684 3563 916 3642 recenseantur,
940 3578 1010 3628 esse
1032 3564 1138 3628 temen
1152 3559 1298 3644 ephebos.
1332 3560 1427 3628 Modo
1448 3560 1532 3628 inter

303 3671 425 3734 eeteros
444 3668 581 3751 ephebos
604 3668 706 3736 denno
728 3669 917 3752 scribuntur,
947 3671 1039 3738 modo
1069 3689 1141 3740 non.
1187 3671 1250 3740 Ubi
1279 3689 1358 3750 444,
1391 3670 1428 3740 fit
1458 3671 1530 3740 ideo

304 3783 391 3846 nerto
413 3799 454 3846 ne
476 3781 524 3848 bis
545 3781 579 3848 in
600 3780 710 3848 eodem
732 3780 825 3848 444414
846 3788 1072 3850 recenseantur
1093 3783 1204 3850 eedem
1232 3783 1367 3850 nomine
1417 3783 1530 3868 Itaque

302 3907 364 3958 non
397 3891 605 3960 ueniundum
636 3893 712 3976 quin
740 3892 836 3960 etism
866 3893 899 3959 14
921 3891 957 3958 (I.
979 3893 1004 3960 Ι.
1029 3897 1091 3962 268
1123 3895 1268 3962 44441114
1300 3894 1530 3980 gymnasiorohi

372 4062 394 4128 ¹)
415 4062 458 4115 314
475 4064 542 4116 enim
559 4063 595 4116 ibi
611 4062 793 4116 restituendum
812 4079 871 4116 esse
882 4069 952 4131 puto.
982 4061 1145 4118 Oumunndee
1157 4065 1258 4130 eorihit,
1275 4063 1301 4117 ot
1315 4062 1529 4135 iipsoJuoyeIrar

301 4143 351 4197 σὺν
370 4143 430 4207 τοῖς
444 4147 687 4219 γυμνασιαρχικοῒς
703 4143 768 4199 οἵδε.
804 4146 839 4199 At
861 4148 922 4216 qnid
944 4148 1032 4202 velunt
1048 4151 1218 4220 Areopeghee
1241 4151 1268 4205 in
1292 4153 1414 4222 ephebieo
1435 4153 1528 4208 titulo?

301 4232 440 4300 Superesse
456 4235 554 4288 ridetur
570 4237 596 4288 in
613 4235 699 4305 lepide
720 4234 801 4288 un!
811 4237 894 4287 ΕΙΤΑΙ
914 4234 931 4285 1.
950 4252 972 4286 e.
989 4233 1136 4302 πολλεῖται,
1161 4239 1234 4306 quod
1250 4239 1341 4292 colluto
1358 4239 1395 4294 tit
1413 4232 1526 4302 444111,

300 4319 360 4382 533,
378 4321 394 4374 2
413 4317 449 4388 (οἱ
467 4319 605 4373 ὑπόλοιποι
622 4325 676 4373 τῶν
694 4320 826 4374 πολειτῶν
844 4318 913 4372 κατὰ
928 4317 1016 4390 φυλήν
1035 4318 1143 4392 ἔφηβοι)
1159 4324 1313 4378 restituimus
1330 4325 1357 4376 iu
1374 4322 1400 4374 oi
1416 4321 1525 4394 ἔφηβοι]

299 4401 440 4456 πολλεῒται
456 4403 513 4458 κτλ.
548 4407 588 4459 De
605 4408 728 4476 seriptum
749 4405 888 4459 πολλεῒται
911 4405 941 4460 of.
960 4407 1050 4459 Franz.
1067 4409 1143 4462 elem.
1161 4409 1239 4478 epigr.
1256 4426 1316 4478 ρας.
1334 4411 1392 4466 247.
1424 4408 1527 4462 'Eodem

298 4489 373 4542 modo
391 4491 418 4543 in
435 4492 473 4548 tit.
492 4486 548 4544 nu.
567 4495 588 4558 I,
606 4495 666 4558 428,
684 4495 701 4550 3
717 4511 753 4547 vs.
772 4495 797 4556 9,
822 4495 864 4557 10,
888 4492 933 4544 ubi
955 4499 1023 4546 extet
1050 4490 1145 4560 φίλους
1170 4491 1253 4554 ἰδίους
1280 4491 1324 4546 καὶ
1352 4491 1527 4564 συνεφήβους

300 4575 461 4630 ΠΟΙΛΙΟΑΕ
480 4576 623 4648 ἀνέθηκεν,
640 4578 828 4636 reseribendnm
844 4575 979 4638 πολλίτας.
