3418 5340
819 410 1030 471 ..60-

310 599 339 664 ιιῖ
366 596 566 662 ὑπόλοιποι
609 631 653 644 -
696 593 860 682 ἔφηβοιε
891 598 1041 660 secuntur
1074 595 1184 677 ephebi
1214 614 1271 676 per
1300 595 1402 662 tribus
1435 595 1537 678 dispo-

310 709 388 787 siti.)
411 707 616 789 -Denique
644 707 683 774 de
711 707 761 773 tit.
792 705 827 771 O.
850 705 876 770 Ι.
901 709 972 786 248,
1000 705 1055 788 qui
1078 724 1159 772 unus
1185 711 1301 783 restat,
1330 707 1538 772 demonstrari

309 822 379 888 ideo
402 840 463 887 non
484 825 589 903 potest
612 819 686 903 quia
707 819 751 886 ibi
772 837 874 901 neque
896 816 1089 898 epheborum
1112 817 1274 900 catalogus
1297 817 1463 884 exhibetur
1484 837 1536 884 ne·

309 951 371 1015 que
392 932 470 998 satis
492 931 668 1014 argumenti
689 930 874 1013 praebetur;
898 947 1088 1012 quamquam
1110 929 1268 996 velillum
1292 931 1337 1009 (in
1360 931 1395 996 (i.
1418 931 1442 996 Ι.
1460 935 1536 1008 248)

309 1043 532 1128 agonothetam
553 1061 592 1109 ex
613 1042 804 1124 epheborum
825 1058 955 1108 numero
978 1059 1108 1108 esseex
1129 1041 1174 1107 eis
1196 1059 1277 1122 qnae
1293 1043 1457 1108 attuhmus
1473 1046 1536 1107 sta-

310 1155 368 1221 tim
405 1159 530 1236 oportet
562 1153 673 1236 colligi.
725 1153 837 1235 Itaque
869 1171 940 1218 curn
973 1171 1014 1218 ne
1041 1170 1122 1218 unus
1154 1153 1280 1235 quidem
1313 1157 1398 1220 extet
1427 1152 1539 1218 titulus

309 1267 364 1351 qui
389 1265 474 1332 aliud
496 1265 636 1344 suadeat,
658 1282 721 1330 non
743 1264 851 1330 dubito
873 1283 931 1346 pro
953 1267 1039 1330 corto
1062 1264 1165 1331 dicere
1188 1266 1366 1348 quicunque
1387 1265 1420 1330 in
1443 1264 1538 1347 ophe-

309 1377 387 1446 biris
415 1376 517 1444 titulis
543 1377 768 1458 imperatorum
798 1380 903 1442 aetate
935 1375 1145 1457 agonothetae
1177 1376 1452 1459 deprehendantur
1485 1395 1539 1442 eos

311 1507 436 1571 semper
463 1486 600 1570 ephebos
629 1505 698 1554 esse
728 1485 898 1553 habendos.
942 1487 1078 1554 Proinde
1104 1489 1132 1554 si
1159 1489 1191 1554 in
1219 1507 1281 1573 quo
1310 1489 1402 1555 titulo
1425 1508 1538 1570 agone

312 1601 421 1667 thetae
443 1599 661 1675 inveniuntur,
688 1599 837 1665 adcurate
859 1617 960 1681 usque
990 1599 1245 1684 distinguendum
1274 1605 1307 1666 et
1328 1601 1540 1683 quaerendum

310 1713 372 1779 erit
393 1717 499 1778 utrum
520 1710 584 1776 sint
604 1711 720 1794 publici
748 1731 789 1777 an
817 1712 968 1795 ephebici.
1012 1712 1122 1780 Libuit
1151 1712 1280 1796 ephebis
1308 1713 1403 1780 etiam
1424 1713 1484 1778 hac
1506 1713 1538 1778 in

310 1823 490 1906 republica
511 1823 657 1888 instituta
679 1823 806 1889 imitari.
850 1825 1045 1906 Quamquam
1067 1824 1199 1890 similem
1221 1825 1284 1890 virn
1310 1824 1449 1892 habebat
1471 1823 1539 1890 sine

311 1935 406 2002 dubio
439 1933 589 2016 ephebica
618 1934 822 2016 agonothesia
850 1952 887 2001 ac
908 1934 1044 2017 publica.
1097 1933 1322 2002 Gravissimum
1355 1936 1437 2002 enim
1471 1936 1539 2002 eius

309 2047 486 2132 partemin
508 2048 685 2131 sumptibus
707 2048 894 2129 quibusdam
916 2047 1066 2114 faciendis
1097 2047 1137 2114 ad
1163 2047 1254 2114 ludos
1276 2048 1437 2131 gymnicos
1460 2047 1540 2114 cele

310 2161 448 2228 brandus
469 2161 605 2244 positam
626 2159 724 2228 fuisse
745 2159 939 2242 intellegitur
960 2178 999 2225 ex
1020 2159 1237 2242 conpluribus,
1259 2159 1358 2226 veluti
1378 2160 1412 2224 in
1436 2156 1500 2223 del.
1524 2159 1540 2224 Ι

309 2293 340 2356 p.
366 2276 436 2350 522,
461 2277 480 2338 ‘l
504 2291 548 2338 ve.
573 2277 614 2338 40
635 2270 766 2354 legitur:
789 2269 820 2336 Γ
816 2269 993 2357 ερμιιιιίκεια
1015 2271 1043 2333 oi
1065 2268 1191 2360 ἔφηβοι,
1214 2271 1298 2354 quod
1321 2269 1477 2354 significat
1498 2271 1539 2338 ab

311 2383 454 2450 omnibus
474 2383 603 2465 ephebis
625 2387 769 2466 sumptus
792 2383 833 2449 ad
855 2382 1061 2449 Germanicea
1089 2383 1276 2450 celebranda
1304 2400 1373 2451 esse
1394 2387 1540 2466 paratos3

309 2501 473 2578 praeterea
494 2498 604 2560 nostra
625 2495 659 2560 in
679 2495 882 2578 inscriptione
904 2495 1052 2562 scribitur
1068 2490 1215 2583 Ἀθήναια
1243 2492 1278 2558 ἐκ
1300 2503 1362 2558 τιον
1385 2493 1539 2577 σεβαστι-

310 2603 469 2693 cooptatum
492 2605 600 2672 similis
622 2609 697 2678 nota
719 2606 821 2673 estin
845 2604 908 2671 det.
932 2605 991 2686 ΙΙΙ,
1016 2611 1087 2682 553,
1111 2611 1139 2682 2,
1162 2605 1283 2670 ἐκτῶν
1305 2605 1538 2691 σεβοστοφορι-

312 2715 378 2782 noio
400 2753 442 2766 ·-
465 2717 589 2800 ἀγῶνες
604 2716 702 2806 θήσιιι
723 2718 771 2781 καὶ
783 2713 914 2781 hednae
937 2723 993 2795 (sc.
1010 2715 1290 2805 ἐπετελέσθησαν);
1317 2717 1425 2800 quales
1447 2720 1541 2782 notae

310 2829 356 2897 eis
378 2829 570 2896 sollennibus
592 2828 728 2895 adscribi
750 2827 852 2894 solent
873 2828 987 2911 quibus
1010 2827 1201 2910 agonotheta
1223 2829 1321 2895 deest.
1359 2829 1418 2894 His
1441 2829 1540 2895 omni·

309 2943 369 3009 bus
391 2941 590 3024 perspicuum
610 2939 647 3006 fit
668 2941 701 3005 in
723 2939 900 3024 sumptibus
922 2958 1076 3005 summam
1098 2939 1148 3006 vel
1171 2958 1294 3006 omnem
1318 2939 1539 3024 agonothesiae

309 3052 477 3135 ephebicac
499 3056 621 3132 partem
644 3051 831 3118 constitisse.
875 3051 1044 3118 Praeterea
1066 3051 1127 3118 hue
1149 3069 1261 3118 revoco
1284 3050 1319 3117 0.
1339 3052 1364 3117 Ι.
1389 3056 1460 3129 248,
1484 3051 1538 3119 ubi

307 3164 347 3230 de
369 3163 559 3246 agonotheta
588 3162 723 3242 quodam
751 3161 959 3245 praedicatur,
985 3158 1160 3226 »ἀέθλοισιν
1189 3161 1372 3252 ἐπασκήσας
1391 3163 1439 3226 καὶ
1461 3161 1537 3252 ἐφή-

305 3273 444 3357 βους.ἰ
500 3273 592 3340 Unde
624 3273 735 3356 colligo
765 3272 815 3339 vel
843 3273 877 3339 id
903 3273 1164 3354 agonothetarum
1193 3274 1290 3341 luisse
1317 3275 1538 3359 ephebicorum

307 3391 343 3451 ut
365 3384 535 3452 victoribus
551 3384 677 3466 ephebis
694 3384 834 3466 praemia
850 3385 1006 3467 quaedam
1027 3391 1247 3468 proponerent.
1284 3388 1427 3469 Denique
1451 3392 1537 3454 certa

307 3497 461 3582 quaedam
490 3496 641 3564 sollennia
668 3502 795 3578 praeter
824 3501 929 3564 cetera
956 3515 1085 3580 magnos
1108 3504 1253 3581 sumptus
1280 3498 1537 3579 desideraverint,

306 3610 411 3692 qualia
438 3615 513 3676 sunt
540 3607 606 3676 fere
628 3606 831 3695 Pappaoiaaa
849 3604 994 3696 Ἀθήναια
1018 3607 1150 3696 decern,
1181 3609 1296 3692 quippe
1325 3629 1459 3692 quorum
1484 3609 1539 3676 illa

306 3723 413 3806 priora
434 3722 483 3789 bis
505 3722 545 3788 ab
567 3721 710 3790 omnibus
733 3720 861 3802 ephebis
877 3719 1081 3787 conficiantur
1103 3717 1181 3798 (dcl.
1199 3721 1225 3802 Ι,
1241 3725 1312 3801 522,
1329 3727 1358 3786 7.
1392 3719 1449 3798 IV,
1467 3727 1538 3799 344,

307 3839 351 3914 2),
372 3837 481 3900 nostra
510 3835 543 3899 in
564 3833 767 3916 inscriptione
794 3833 985 3928 agonotheta
1011 3833 1104 3916 plane
1133 3837 1275 3916 carcant3
1304 3833 1537 3901 Athenaeorum

306 3949 413 4012 autern
434 3948 578 4028 sumptus
600 3945 633 4010 in
657 3943 721 4010 dcl.
744 3944 800 4025 III,
826 3945 897 4025 553,
920 3949 939 4010 3
962 3949 994 4011 et
1015 3949 1124 4011 nostra
1145 3945 1178 4010 in
1197 3945 1400 4028 inscriptione
1422 3945 1536 4009 ἐκτῶν

307 4055 596 4142 σεβαστοφορικῶν,
619 4057 653 4122 in
676 4054 935 4138 maluerat
958 4056 998 4123 ab
1020 4057 1088 4139 ipso
1111 4062 1249 4124 cosmeta
1270 4055 1366 4142 fiant3
1388 4057 1534 4125 Theseiu-

376 4279 545 4334 ¹Boeclrhius
569 4281 602 4332 ad
626 4281 651 4332 h.
669 4287 687 4332 t.
711 4280 787 4332 verba
805 4279 842 4332 eie
859 4279 976 4348 explieat,
1003 4278 1078 4342 „olim
1097 4279 1172 4332 etiam
1196 4280 1355 4348 paedotribae
1378 4281 1454 4334 firerit
1478 4281 1535 4349 (ille

306 4367 479 4436 agonotheta):
497 4375 550 4419 tum
568 4367 679 4434 ephebos
697 4364 866 4420 exercuerat.“
902 4364 954 4417 sat
971 4382 1028 4417 eum
1046 4367 1198 4434 agonotheta
1215 4367 1260 4420 ille
1279 4368 1391 4435 ephebus
1410 4367 1443 4419 sit
1460 4385 1533 4435 opor·

306 4461 366 4514 teat,
385 4452 417 4504 de
435 4469 464 4505 eo
482 4453 526 4520 qui
542 4461 618 4504 antea
634 4452 780 4522 paedotriba
797 4451 872 4504 fuerit
889 4469 991 4520 prorsus
1009 4469 1060 4503 non
1077 4460 1161 4521 potest
1179 4453 1290 4520 cogitari.
1326 4455 1415 4520 Itaque
1432 4455 1537 4506 verbum

306 4537 433 4590 ἐπασκεῖν
451 4539 487 4592 ibi
504 4555 555 4591 non
571 4539 746 4591 exercendi
763 4539 874 4606 notione,
892 4544 921 4590 ut
938 4537 1159 4602 Boeehhiustvult,
1178 4540 1224 4592 sed
1247 4539 1434 4596 exornandi
1455 4539 1536 4608 vivin-

307 4625 479 4700 tellogendurn
496 4643 553 4680 osee
570 4625 633 4684 mihi
649 4625 756 4682 videtur.
965 4633 968 4636 “
