3436 5326
655 391 892 452 -171-

159 595 187 646 p·
205 578 247 634 50.
266 578 301 632 30
318 582 343 627 00
360 575 394 630 33
412 590 472 627 000
486 590 514 638 p.
533 591 618 642 quum.

159 683 184 732 p·
203 663 244 719 53.
265 663 297 717 18
315 657 390 711 εἷπον
408 675 434 725 p.
453 659 538 710 εἷπον.

186 776 219 785 -
246 749 277 802 01
298 742 373 797 εἶπεν
389 762 417 810 p.
436 745 521 795 ciarev.

160 851 187 901 p.
206 834 239 887 57
257 833 284 883 in
302 832 361 886 fine.
382 833 541 898 suspiciones
560 847 589 896 p.
613 829 774 898 suspitiones.

161 937 187 986 p.
208 919 240 974 58
259 918 285 969 in
302 917 361 970 fine.
398 918 515 970 Paenitet
531 935 572 969 me
590 918 658 985 qnod
681 918 783 986 scripsi:
810 917 1015 970 nSchcemunnus
1039 918 1094 985 (Gr.
1114 917 1199 984 Antiq.
1218 917 1230 966 1
1253 934 1310 985 pag.
1329 916 1392 984 508)

263 1021 280 1054 a
296 1003 410 1069 Diogene
428 1003 547 1055 statuario
565 1011 590 1055 et
607 1003 745 1056 architecto
763 1003 808 1056 illo
827 1004 870 1071 qui
888 1003 997 1071 Augusti
1020 1011 1133 1071 tempore
1156 1001 1218 1054 vixit
1232 1001 1391 1070 Diogeneion

265 1089 390 1141 eonditum
409 1106 465 1140 esse
487 1089 566 1143 rult-
601 1089 706 1142 Secutus
730 1106 787 1142 sum
804 1089 1037 1158 Dittenbergerum,
1062 1107 1137 1158 quem
1162 1105 1260 1140 enasse
1283 1095 1391 1155 oportet.

266 1175 455 1228 Schoemannus
474 1175 541 1227 enim
558 1177 589 1242 (l,
608 1194 666 1243 pag.
679 1177 738 1238 503,
761 1194 813 1229 000
831 1195 886 1245 pag.
905 1178 966 1243 508)
984 1177 1047 1228 nihil
1065 1177 1140 1238 dicit,
1164 1177 1228 1228 nisi:
1255 1174 1318 1229 »000
1346 1191 1388 1225 so-

266 1268 393 1328 genannte
410 1260 579 1327 Diogenische
597 1262 799 1328 (Gymnasium),
822 1263 950 1315 vielleicht
967 1264 1030 1315 nach
1049 1264 1144 1316 seinem
1161 1260 1248 1314 scihar
1269 1262 1391 1320 benannt,

264 1349 327 1398 ltber
351 1348 400 1398 000
422 1346 466 1398 wir
488 1347 547 1398 aber
570 1347 652 1400 nichts
674 1348 819 1416 angegeben
843 1348 955 1400 1100000
994 1349 1068 1413 Quod
1091 1367 1132 1401 me
1149 1363 1215 1400 nunc
1233 1346 1334 1398 demum
1352 1345 1391 1396 le·

265 1432 333 1500 gisse
352 1431 433 1483 doleo.

269 1517 385 1568 Ceterum
403 1517 461 1568 data
477 1517 525 1569 hac
542 1517 676 1569 occasione
703 1517 794 1570 adnoto
818 1519 876 1572 illos
899 1519 986 1572 titulos
1009 1519 1144 1586 inquibus
1167 1517 1259 1570 mentio
1282 1516 1391 1568 001110-

267 1603 339 1670 genis
362 1603 432 1654 illius
455 1621 470 1653 a
495 1620 544 1669 quo
567 1603 771 1670 Dittenbergerus
795 1605 859 1656 illud
880 1607 1040 1674 gymnasium
1063 1605 1191 1657 conditum
1212 1621 1269 1656 esse
1298 1609 1391 1666 censet,

267 1688 315 1740 acl.
333 1689 379 1741 titt.
403 1690 430 1739 in
447 1689 583 1740 Philistore
605 1689 625 1754 l,
649 1697 707 1756 post
729 1708 786 1757 pag.
804 1692 846 1753 56,
873 1695 894 1745 1.
914 1693 938 1745 0.
957 1692 982 1754 3,
1006 1691 1212 1744 aSchoemanno
1237 1705 1336 1756 quoque
1359 1688 1393 1739 ad

271 1773 380 1841 primum
403 1792 425 1824 a.
452 1774 509 1825 Chr.
534 1775 662 1826 saeculum
689 1776 783 1830 referri.
824 1777 872 1844 (Cf.
897 1777 983 1850 Grapc.
1008 1777 1092 1844 Antiq.
1110 1778 1134 1830 Il
1158 1794 1215 1846 pag.
1233 1775 1284 1833 513
1307 1774 1392 1830 0005

267 1865 292 1910 00
314 1875 376 1926 pag.
394 1860 444 1915 552
462 1867 513 1910 not.
531 1859 563 1910 00
588 1878 644 1928 pag.
665 1861 734 1928 147).

164 1963 190 2012 p.
210 1945 250 2000 63.
269 1962 293 1995 0.
312 1945 335 1999 b.
355 1962 391 1996 rs.
410 1946 434 1998 0.
454 1946 508 1995 τῶν
524 1962 551 2010 p.
570 1961 634 1996 των.

164 2048 189 2098 p·
207 2031 249 2086 64.
266 2029 300 2083 32
316 2035 374 2093 pora
391 2029 533 2080 observavit
550 2045 646 2082 comma
663 2029 780 2084 omissum
797 2038 840 2087 cst.

164 2134 189 2184 p.
208 2117 249 2171 66.
269 2116 284 2168 9
306 2108 352 2165 ΤΗ
354 2115 365 2142 “
382 2115 422 2164 τῶ
436 2109 563 2183 Ἡρακλεῖ
577 2123 623 2167 etc.

164 2220 190 2272 p·
209 2202 250 2258 68.
271 2204 302 2256 19
318 2196 472 2270 ’010ηο10100
488 2219 516 2268 p.
532 2197 681 2271 01000100.

167 2308 197 2357 p.
211 2292 252 2345 74.
271 2295 322 2340 not.
341 2290 364 2343 0.
383 2289 497 2339 tribubus
512 2304 540 2352 p.
558 2289 623 2340 tribu
641 2289 697 2342 bus.

167 2393 192 2442 p.
213 2375 245 2429 76
263 2373 296 2424 ad
312 2391 349 2424 rs.
368 2373 409 2428 60.
427 2370 570 2424 Boechhius
588 2373 673 2424 scribit
689 2367 782 2438 Λάϊος,
800 2373 845 2426 000
863 2391 949 2426 versus
967 2391 1017 2426 non
1036 2375 1131 2442 integer
1149 2381 1174 2426 et
1191 2391 1282 2427 nomen
1299 2372 1395 2426 ridetur

269 2477 325 2511 esse
343 2465 492 2511 truncatum.

167 2563 193 2612 p.
213 2545 246 2600 76
264 2544 297 2595 ad
315 2561 350 2595 vs.
369 2546 411 2600 66.
428 2543 572 2596 Boeclrhius
589 2544 644 2596 vult
658 2539 742 2603 Ἕλως
758 2540 881 2603 “Elaeae
916 2545 968 2598 Setl
985 2563 1071 2599 versus
1089 2546 1173 2598 laesus
1192 2553 1238 2609 est,
1257 2543 1394 2612 0000010-

269 2636 367 2696 tegrum
385 2647 476 2680 nomen
495 2630 615 2682 contineri
632 2630 730 2682 ridetur
747 2631 836 2682 litteris
855 2649 921 2698 quae
937 2640 1039 2684 restant.

166 2733 191 2782 p.
211 2715 253 2770 Sl·
272 2716 315 2772 85.
345 2715 419 2778 Quod
437 2715 525 2782 scripsi
544 2715 593 2766 000
611 2723 708 2768 tantum
726 2717 898 2784 catalogorum
916 2719 1093 2785 ephebicerum
1112 2735 1205 2786 genera
1222 2716 1300 2768 101000
1313 2715 1395 2766 01000

270 2809 337 2853 recte
355 2819 382 2854 se
405 2802 498 2853 habere
521 2818 587 2853 nunc
611 2802 712 2869 quidem
735 2803 796 2854 mihi
820 2805 925 2856 videtur.
963 2807 1060 2856 Censeo
1082 2822 1149 2856 nunc
1170 2805 1270 2854 tertium
1294 2817 1395 2870 quoque

271 2906 351 2957 genus
370 2889 530 2941 statuendum
548 2905 613 2951 esse,
631 2906 723 2956 nempe
740 2906 826 2940 eorum
845 2891 1014 2957 catalogorum
1033 2890 1075 2955 qui
1093 2889 1173 2956 ipsius
1188 2895 1312 2941 cosmetae
1324 2887 1395 2938 iussu

271 2982 297 3027 et
313 2976 455 3042 sumptibus
474 2975 579 3026 conlecti
596 2974 628 3025 in
646 2973 718 3041 ipso
735 2975 903 3042 gymnasio
921 2975 1114 3026 collocabantur.
1151 2973 1202 3026 Sed
1220 2981 1273 3024 tum
1295 2973 1396 3024 demum

271 3079 287 3112 0
306 3068 417 3112 cosmeta
434 3061 482 3112 hoe
499 3061 591 3112 factum
609 3077 666 3112 esse
684 3068 745 3128 puto
764 3078 820 3112 cum
838 3061 929 3127 ephebi
947 3059 996 3127 ipsi
1014 3067 1103 3126 sponte
1121 3059 1172 3110 suis
1191 3059 1302 3127 inpensis
1324 3065 1395 3110 cata-

270 3145 357 3215 logum
378 3147 560 3199 ocnficiendum
582 3163 633 3198 non
657 3153 807 3199 curaverant.
843 3147 899 3198 Hoc
921 3163 952 3197 ex
975 3163 1067 3214 genere
1091 3145 1189 3197 videtur
1212 3163 1269 3198 esse
1292 3146 1329 3199 tit.
1353 3144 1397 3211 qui

271 3241 309 3286 est
327 3235 352 3284 in
370 3233 506 3284 Philistore
522 3233 568 3296 IV,
587 3235 645 3295 072,
664 3233 689 3296 3,
708 3233 740 3284 00
759 3249 808 3299 quo
827 3233 852 3284 in
870 3240 1002 3284 comment.
1021 3231 1069 3282 XV
1089 3232 1205 3284 disserui.

167 3337 192 3386 p.
212 3319 254 3374 86.
272 3319 287 3373 6
306 3319 393 3386 Ipsum
406 3334 435 3384 p.
454 3319 545 3385 ipsum.

166 3422 192 3472 p·
211 3405 253 3460 89.
274 3407 313 3459 18.
349 3403 402 3454 Pro
421 3404 588 3471 praedicatum
606 3403 674 3470 lepos
692 3403 853 3464 vocabulum3
872 3403 978 3468 itemque
995 3421 1053 3471 pag.
1072 3405 1112 3458 90.
1134 3405 1172 3458 10.

168 3508 192 3558 p.
211 3489 253 3546 89.
272 3490 305 3540 00
324 3507 359 3542 rs.
380 3493 419 3546 10.
456 3491 530 3553 Quod
548 3489 580 3541 ad
597 3487 704 3558 μεγάλα
723 3483 861 3558 Σεβήρεια
880 3489 969 3540 attinet
991 3489 1118 3540 adsentior
1135 3489 1325 3556 Dittenbergero
1343 3487 1361 3541 l.
1379 3487 1397 3539 l.

272 3594 329 3644 pag.
348 3577 390 3632 73.
418 3579 442 3632 6.
467 3575 572 3638 dicenti,
601 3577 722 3628 »tortasse
745 3575 860 3626 similiter
882 3583 957 3641 atque
982 3577 1008 3626 in
1035 3575 1217 3640 antiquioribus
1245 3573 1395 3640 quibusdam

269 3663 346 3714 sacris
363 3662 456 3714 indicat
473 3679 572 3728 semper
589 3668 655 3712 certo
674 3661 782 3727 quodam
800 3679 922 3712 annorum
940 3679 1042 3712 numero
1061 3661 1189 3711 interiecto
1202 3661 1295 3712 maiore
1309 3659 1396 3726 splen-

271 3750 331 3801 dore
348 3749 411 3800 haec
428 3765 498 3799 sacra
516 3749 639 3799 celebrata
658 3764 741 3800 esse«

167 3857 192 3906 p.
211 3839 252 3893 90.
271 3836 303 3887 ad
317 3853 352 3888 rs.
366 3836 397 3890 13
411 3834 479 3900 legas
493 3833 658 3884 restituimus:
674 3831 914 3902 ἐγυμνασιαρχήθη
925 3829 965 3890 εἰς
975 3829 1020 3881 τὸν
1031 3829 1200 3900 {adspectura
1210 3831 1266 3899 (sel.
1272 3829 1396 3900 χρόνον).

166 3943 192 3992 p.
212 3927 253 3979 90.
272 3922 304 3974 00
321 3940 357 3975 vs.
379 3923 410 3976 16
428 3915 517 3989 κῆρυξ
530 3936 557 3984 p.
576 3917 671 3987 κῆρυξ.

166 4031 191 4080 p.
211 4014 252 4067 93.
271 4011 303 4062 ad
320 4027 356 4062 vs.
375 4010 390 4064 9
408 4009 478 4074 legas
495 4009 600 4058 formasa
618 4013 701 4058 autem
719 4006 745 4058 in
763 4005 848 4073 lapide
866 4012 981 4072 superest
999 4007 1077 4084 lllE,
1096 4005 1113 4056 i.
1131 4022 1153 4058 e.
1176 4007 1240 4068 ΗΙΕ
1259 4013 1306 4058 etc.

166 4117 192 4166 p·
211 4098 251 4154 95.
270 4098 305 4152 34
322 4093 431 4163 ἀτελείᾳ
446 4111 473 4158 p.
491 4092 609 4163 ἀτελειᾳ.

168 4202 193 4251 p.
212 4185 253 4237 96.
275 4182 333 4234 Non
350 4182 437 4250 ignoro
462 4183 511 4232 iam
528 4179 681 4232 Bursianum
705 4181 788 4247 egisse
811 4181 843 4232 00
866 4180 902 4232 010.
922 4180 1027 4246 Elphem.
1052 4179 1117 4232 arch.
1142 4195 1168 4230 n.
1188 4177 1254 4234 0035
1278 4177 1306 4227 10
1327 4177 1396 4228 »Be-

270 4269 350 4320 richte
368 4270 412 4321 der
429 4269 490 4336 Kgl.
510 4268 594 4321 000110.
613 4268 755 4320 Gcsellsch.
781 4268 804 4319 0.
824 4267 979 4319 Wissenscb.
1000 4268 1067 4321 1860
1089 4283 1114 4332 p.
1133 4265 1211 4320 2250
1248 4263 1300 4314 sed
1323 4262 1399 4312 huius

269 4354 328 4405 libri
346 4355 495 4422 inspiciendi
512 4372 565 4406 non
581 4354 646 4406 facta
664 4356 726 4406 mihi
744 4364 783 4406 est
800 4355 879 4422 copia.
908 4353 977 4421 Lego
996 4340 1079 4404 000010
1097 4370 1133 4404 rs.
1155 4355 1167 4406 1
1188 4368 1245 4402 eum
1264 4349 1398 4415 conplesse

270 4434 298 4489 11
301 4437 324 4490 l.
341 4436 493 4508 Ἀρριανοῢε
513 4441 595 4492 minus
613 4448 687 4492 recte.

168 4544 192 4594 p·
213 4527 254 4582 98.
273 4544 309 4578 vs.
328 4527 369 4582 43.
402 4522 517 4593 Ὑγεῖνος
534 4523 740 4597 Πιστοκράτους
762 4520 952 4593 Μαραθώνιος.
988 4524 1069 4576 110100
1094 4524 1185 4591 ephebi
1208 4529 1281 4588 pater
1302 4519 1399 4572 ridetur

270 4629 326 4664 esse
345 4607 535 4680 Πιστοκράτης
550 4607 678 4682 ‘lycinum
703 4611 932 4680 0011001ομ01.
954 4611 1002 4667 195
1020 4627 1056 4662 vs.
1078 4612 1107 4664 11
1132 4611 1196 4661 inter
1215 4614 1332 4676 prytanea
1356 4622 1396 4658 re·
