3418 5340
799 371 1011 445 ,38-

296 576 325 642 si
347 573 450 640 minus
471 587 600 654 prorsus
623 569 705 636 idem
727 567 830 635 valere
853 567 937 650 quod
959 565 1209 654 γυμνασιαρχεῖν,
1233 568 1267 632 at
1289 563 1388 631 affinis
1411 567 1519 630 tamen

294 686 419 752 videtur
450 701 519 749 esse
548 681 643 748 notio.
694 678 930 764 Gymnasia'rohi
967 678 1021 762 qui
1053 678 1178 761 proprie
1212 677 1359 743 dicuntur
1391 680 1520 758 praeter

295 797 396 864 oleum
419 797 513 862 etiam
535 793 597 860 alia
619 792 772 876 quaedam
795 790 895 858 officia
917 794 1124 873 sumptusque
1145 789 1291 856 videntur
1312 789 1345 854 in
1365 805 1399 854 se
1414 805 1519 854 susce-

294 909 386 992 pisse.
433 907 465 974 si
488 925 526 972 ex
548 906 595 974 tit.
620 902 683 970 del.
707 904 731 986 I,
753 909 825 985 288,
855 921 899 970 vs.
924 907 942 967 6
970 902 1025 969 ubi
1052 901 1185 985 legimus
1217 896 1383 964 »τιθέντων
1413 897 1520 969 αὐτοῖς

238 1019 241 1030 '
296 1027 352 1100 (sc.
376 1020 439 1088 τοῖς
460 1016 607 1107 ἐφήβοις)
632 999 715 1080 ἆθλά
737 1011 802 1080 τῶν
824 1015 1083 1103 γυμνασιάρχωνα
1110 1013 1255 1096 colligere
1277 1012 1360 1095 licet,
1382 1011 1518 1079 fortasse

294 1131 433 1214 praemia
456 1129 661 1196 certaminum
684 1128 796 1194 ceteris
819 1126 947 1210 ephebis
963 1147 1002 1194 ex
1017 1126 1083 1193 suis
1099 1125 1275 1207 sumptibus
1289 1124 1516 1206 proponebant.

297 1243 359 1309 Sed
375 1247 423 1308 est
444 1242 496 1308 ille
518 1240 630 1307 titulus
651 1257 714 1306 non
737 1240 960 1322 imperatorum
983 1241 1097 1319 aetate,
1121 1236 1177 1303 sed
1192 1237 1291 1320 primo
1307 1255 1334 1302 a.
1352 1233 1425 1301 Chr.
1450 1253 1515 1302 sae-

296 1353 366 1421 culo
390 1353 535 1435 scriptus.
581 1353 694 1437 Itaque
717 1351 756 1418 de
778 1352 823 1418 eis
846 1349 1090 1435 gymnasiarchis
1122 1348 1201 1415 nihil
1233 1348 1310 1416 certi
1342 1347 1516 1414 statuerim.

294 1465 402 1547 Immo,
426 1465 650 1548 imperatorum
672 1462 798 1544 quidem
821 1467 940 1544 aetate,
973 1461 1079 1545 potius
1114 1460 1376 1542 agonothetarum
1397 1459 1517 1543 —qui

293 1580 325 1640 et
346 1575 407 1656 ipsi
430 1575 532 1642 solent
554 1591 623 1641 esse
646 1574 758 1658 ephebi
780 1612 822 1622 -
843 1574 969 1640 ridetur
990 1571 1088 1638 fuisse
1110 1572 1250 1655 praemia
1271 1589 1446 1656 proponere
1469 1589 1518 1638 ce-

292 1687 371 1753 teris
393 1686 531 1770 ephebis.
557 1723 593 1734 -

378 1798 415 1863 In
439 1797 472 1863 0.
496 1798 521 1862 Ι.
546 1801 608 1864 274
629 1798 725 1864 titulo
748 1797 897 1878 ephebico
920 1798 1077 1879 expressis
1099 1797 1204 1864 verbis
1227 1797 1343 1864 dicitur
1357 1795 1517 1882 ἐγυμνασι-

291 1911 411 2000 άρχησε
431 1909 504 1980 τοὺς
524 1907 718 1996 ἐφήβους,
749 1927 786 1976 eo
810 1908 928 1976 scilicet
950 1910 1077 1976 oonsilio
1100 1913 1136 1976 ut
1158 1909 1371 1994 distinguatur
1399 1910 1439 1976 ab
1461 1927 1517 1992 pu·

294 2015 380 2088 blicis
403 2019 679 2106 gymnasiarchis.¹
724 2020 790 2087 Hos
813 2024 919 2086 autem
943 2023 1038 2088 etiam
1067 2020 1256 2104 posteriore,
1290 2022 1311 2086 i.
1335 2040 1361 2088 e.
1385 2019 1517 2105 impera-

290 2139 394 2202 torum
417 2138 529 2215 aetate,
553 2132 651 2200 fuisse
673 2133 792 2200 nullum
815 2137 920 2215 potest
948 2132 1065 2200 adferri
1092 2134 1305 2200 testimonium
1335 2137 1396 2217 quo
1426 2131 1517 2200 refel-

289 2246 384 2312 latur.
436 2245 562 2311 Etenim
591 2264 672 2328 quae
702 2244 962 2328 Ditteuhergerus
988 2244 1009 2310 l.
1032 2243 1052 2309 l.
1075 2263 1147 2328 pag.
1171 2249 1209 2310 41
1241 2245 1319 2310 dicit
1347 2243 1516 2329 »quamdiu

290 2358 368 2424 haec
399 2357 455 2440 (sc.
484 2359 564 2437 quae
597 2355 714 2422 liberae
748 2356 939 2436 reipublicae
972 2359 1113 2438 tempore
1146 2351 1221 2440 luit)
1251 2357 1335 2423 vocis
1372 2379 1516 2442 γυμνασι-

291 2467 383 2556 αρχία
412 2466 598 2549 significatio
626 2469 792 2550 manserit,
822 2469 999 2536 accuratius
1022 2468 1149 2552 quidem
1167 2467 1289 2536 definiri
1311 2487 1373 2534 non
1401 2472 1515 2551 potest,

290 2578 324 2644 id
345 2597 421 2644 vero
443 2597 500 2660 pro
524 2583 609 2644 certo
632 2579 798 2645 beandum
821 2584 887 2661 est,
920 2599 1016 2664 quum
1045 2581 1108 2645 iam
1130 2599 1168 2646 ea
1190 2599 1252 2646 vox
1272 2581 1306 2646 iu
1328 2581 1516 2668 sententiam

289 2688 382 2774 plane
424 2689 517 2756 aliam
555 2690 685 2756 abiisset
718 2690 811 2757 etiam
852 2691 933 2758 hane
965 2691 1126 2775 liturgiam
1159 2691 1293 2776 ampHus
1322 2692 1368 2758 ita
1401 2691 1517 2758 dietam

290 2803 359 2868 esse
386 2819 515 2884 prorsus
538 2800 719 2870 incredibile
741 2820 844 2883 esser,
876 2803 1087 2887 haecomnia,
1122 2805 1188 2887 aio,
1221 2803 1362 2888 prolecta
1383 2808 1458 2870 sunt
1479 2823 1517 2870 ex

361 3037 370 3070 ¹
389 3037 602 3104 Dittenbergerus
620 3037 638 3088 l.
657 3037 675 3089 l.
693 3055 751 3106 pag.
770 3040 804 3093 42
823 3045 909 3091 censet
933 3038 1051 3106 distingui
1076 3039 1107 3090 ab
1129 3036 1341 3108 γνμνασιάρχοις
1363 3037 1402 3108 τῷ
1420 3031 1514 3108 Ἑρμῇ,

289 3125 333 3194 qni
350 3125 400 3192 ipsi
419 3141 519 3191 quoque
538 3123 669 3176 duodecim
688 3140 792 3176 numero
811 3125 838 3176 in
856 3125 884 3177 0.
902 3126 922 3176 Ι.
942 3127 993 3182 270
1010 3132 1191 3178 recenseantur
1209 3131 1235 3175 et
1254 3125 1297 3192 qui
1314 3138 1449 3192 puerorum
1467 3125 1518 3176 sint

288 3211 479 3280 gymnasiarehi.
515 3210 589 3273 Quod
607 3211 668 3262 mihi
685 3227 736 3262 non
753 3218 820 3263 reete
837 3211 931 3263 dictum
948 3229 1005 3263 esse
1022 3212 1128 3265 videtur.
1152 3211 1265 3262 Primum
1284 3212 1351 3263 enim
1363 3211 1518 3278 epheborum

288 3299 455 3368 gymnasium,
475 3296 501 3348 id
520 3297 588 3364 quod
606 3314 636 3364 ex
655 3297 752 3349 cunctis
771 3297 899 3365 ephebicis
925 3299 1006 3350 titulis
1029 3304 1112 3366 patet,
1136 3297 1237 3348 omnino
1261 3296 1325 3348 nihil
1342 3298 1426 3368 ¹habet
1448 3315 1517 3349 com-

289 3401 366 3436 mune
384 3401 440 3436 cum
458 3386 551 3450 pueris.
582 3383 672 3451 Neque
690 3402 749 3437 vero
766 3393 928 3438 recensentur
946 3386 972 3437 in
990 3385 1018 3437 0.
1036 3385 1056 3437 Ι.
1075 3387 1126 3442 270
1143 3385 1278 3437 duodecim
1290 3401 1424 3452 puerorum
1441 3383 1515 3452 gym-

290 3470 421 3532 nasiarchi,
440 3470 486 3521 sed
504 3477 562 3522 sunt
579 3472 655 3521 ceteri
673 3471 767 3538 ephebi·
783 3471 961 3534 Athenienses,
981 3473 1025 3538 qui
1043 3471 1088 3524 illo
1108 3471 1174 3524 anno
1192 3478 1290 3539 praeter
1307 3471 1367 3522 illos
1386 3473 1516 3538 quattubr·

291 3557 371 3608 decim
389 3555 596 3624 gymnasiarchos
615 3555 641 3606 in
659 3555 788 3623 gymnasio
806 3558 974 3608 versabantur.
999 3557 1091 3622 ,Aliter
1108 3557 1175 3609 enim
1192 3566 1292 3626 praeter
1309 3557 1515 3626 gymnasiarchos

290 3643 355 3695 nulli
373 3643 464 3710 ephebi
481 3641 648 3694 Athenienses
667 3643 692 3693 in
716 3641 788 3694 titulo
810 3643 991 3704 invenirentur;
1016 3643 1064 3697 eol.
1082 3645 1113 3696 ΙΙ.
1132 3645 1201 3698 enim
1229 3645 1339 3700 continet
1362 3645 1515 3714 peregrinos.

292 3731 373 3784 Plane
392 3731 479 3783 eadem
498 3730 638 3798 dispositio,
657 3747 721 3797 quae
738 3731 763 3781 in
783 3730 839 3782 el.
850 3732 909 3793 270,
928 3738 966 3783 eet
983 3731 1007 3782 in
1025 3731 1063 3784 tit.
1083 3725 1138 3794 Φιλ.
1150 3731 1196 3794 ΙΙΙ,
1214 3730 1275 3794 350,
1295 3735 1326 3788 l:
1345 3733 1456 3784 Primum
1474 3748 1515 3783 re-

291 3825 425 3870 censentur
442 3803 574 3869 duodecim
592 3817 790 3884 gymnasiarehi,
818 3817 908 3869 deinde
931 3817 1005 3869 ceteri
1029 3817 1122 3884 ephebi
1140 3815 1309 3869 Athenienses
1327 3817 1372 3884 (14
1390 3820 1517 3882 numero),

291 3911 345 3957 tum
362 3904 496 3972 peregrini.
531 3902 665 3955 Praeterea
682 3920 714 3955 ne
731 3902 822 3971 legitur
840 3903 940 3972 quidem
958 3904 984 3955 in
1002 3903 1064 3955 (7.1.
1083 3906 1134 3960 270
1150 3901 1348 3974 γυμνασίαρχοι
1365 3908 1404 3974 τῷ
1420 3899 1514 3974 Ἑρμῇ,

291 3992 337 4044 sed
362 3990 489 4044 recensitis
518 3991 717 4058 quattuordecim
743 3991 954 4060 gymnasiarchis·
968 3999 1086 4043 secuntur
1118 3991 1250 4043 duodecim
1281 3990 1331 4041 alia
1364 3991 1518 4058 epheborum

290 4077 400 4135 nomina,
420 4092 525 4143 quorum
543 4077 624 4152 primo
642 4077 793 4145 adscriptum
812 4085 851 4130 est
869 4081 1031 4140 T··EPMH,
1050 4077 1117 4146 quod
1134 4076 1304 4144 supplendum
1322 4078 1348 4128 in
1373 4077 1411 4146 τῷ
1430 4073 1518 4146 Ἑρμῇ

290 4161 345 4228 (sel.
362 4159 502 4230 ἀνέθηκεν,
522 4162 590 4228 quod
607 4162 755 4229 plerumque
773 4163 914 4227 omittitur).
951 4164 984 4216 m
1002 4181 1065 4216 sane
1083 4164 1192 4216 eundem
1215 4162 1292 4214 illum
1315 4162 1441 4229 ephebum
1464 4170 1515 4215 ste-

290 4247 342 4298 lam
366 4247 481 4314 posuisse
510 4247 615 4314 adparet
638 4264 668 4298 ex
690 4265 766 4300 versu
790 4249 880 4315 primo.
919 4249 1044 4316 Denique
1066 4248 1110 4318 qui
1133 4246 1350 4318 (γυμνασίαρχοι)
1374 4250 1413 4318 τῷ
1431 4243 1514 4318 Ἑρμῇ

290 4331 370 4398 possit
387 4331 530 4398 significare
547 4332 749 4400 gymnasiarchos
767 4352 902 4402 puerorum
920 4353 967 4404 ago
986 4353 1036 4388 non
1053 4336 1184 4404 intellego.
1212 4335 1287 4399 Quod
1303 4351 1361 4388 varo
1375 4332 1517 4388 Boeclrlrius

290 4417 377 4472 adbit.
396 4418 463 4471 (3.1,
483 4416 534 4474 270
558 4425 583 4470 et
600 4420 719 4473 Francius
747 4422 778 4474 el.
798 4421 876 4491 epigr.
894 4441 952 4491 pag.
972 4423 1021 4480 255
1039 4423 1065 4474 in
1088 4423 1194 4474 eandem
1215 4422 1286 4474 illam
1310 4437 1386 4488 quam
1409 4421 1515 4473 diximus

290 4503 342 4554 fere
360 4503 510 4554 seutentiam
528 4505 641 4556 abierant
658 4525 708 4558 non
727 4507 827 4572 mirum,
846 4516 995 4575 quamtum
1015 4509 1134 4578 temporis
1152 4509 1224 4576 pauci
1248 4509 1302 4560 eius
1325 4497 1425 4575 generis
1448 4507 1513 4560 tituli

291 4596 376 4642 essent
392 4591 493 4658 reperti,
512 4607 579 4641 nunc
593 4591 679 4644 multi.
1510 4604 1514 4612 '
