3418 5340
818 405 1030 470 —62-

402 589 437 662 V.
459 596 511 663 32.
556 591 712 684 Θήοειο.
735 591 774 659 el.
797 591 992 676 Dittenberg.
1014 591 1035 658 l.
1056 591 1077 658 l.
1102 595 1152 658 61.

405 705 440 774 V.
462 707 515 772 311.
551 702 857 790 Φιλαδελφεὶιοο.
889 704 976 772 Haeo
998 721 1018 770 a
1042 703 1193 786 Septimio
1209 702 1324 770 Severo
1339 703 1371 768 in
1389 703 1540 770 honorem

312 816 446 885 filiorum
475 816 656 885 Caracallus
683 820 716 882 et
738 815 837 883 Getae
866 816 1011 882 instituta
1038 833 1108 882 esse
1129 815 1306 883 Boeckhius
1336 815 1459 882 censuit
1485 814 1540 904 (ad

312 931 362 998 tit.
386 929 420 996 Ο.
445 930 471 996 Ι.
495 927 581 1015 245).
625 927 725 1008 Quam
755 926 942 995 sententiam
966 927 1166 994 Cumanudes
1194 927 1248 1007 (ad
1269 927 1446 993 Philistoris
1475 927 1539 1004 tit.)

312 1041 470 1125 ceterique
492 1057 599 1106 omnes
621 1039 722 1107 secuti
743 1045 818 1106 sunt
838 1058 896 1106 nee
917 1056 979 1105 non
1001 1039 1262 1121 Dittenbergerus
1285 1037 1320 1125 (l.
1343 1039 1363 1104 l.
1385 1057 1455 1122 pag.
1473 1037 1539 1123 74),

312 1153 398 1235 quod
418 1171 479 1219 non
502 1151 658 1234 fecissent,
680 1151 708 1217 si
729 1151 911 1218 adcuratius
927 1149 1037 1216 titulos
1052 1149 1304 1232 investigassent.
1340 1149 1432 1216 Nune
1454 1150 1537 1216 enim

312 1263 403 1330 aliter
425 1264 626 1330 statuendum
649 1267 714 1344 est,
744 1279 815 1329 eum
837 1260 990 1328 Boeekhii
1012 1261 1169 1328 sententia
1190 1259 1323 1342 amplius
1350 1279 1413 1326 non
1440 1261 1541 1344 possit

313 1377 450 1442 retineri.
494 1375 620 1442 Etenim
647 1374 725 1440 haee
757 1391 847 1440 saera
873 1373 936 1439 iarn
957 1377 1172 1440 memorantur
1198 1372 1231 1436 in
1257 1369 1537 1455 1111111522,

314 1491 343 1564 1,
366 1509 396 1553 a.
422 1488 478 1550 171
499 1508 537 1572 p.
562 1484 635 1552 Otr.
664 1485 781 1570 scripto
812 1485 864 1565 (ci.
892 1504 963 1569 pag.
989 1491 1073 1565 18.);
1107 1485 1183 1551 item
1204 1484 1405 1552 inveniuntur
1431 1485 1463 1550 in
1491 1485 1541 1550 tit.

317 1595 381 1662 Φιλ.
396 1597 450 1680 IV,
469 1601 539 1679 168,
562 1601 592 1674 2,
615 1615 707 1681 quem
729 1597 803 1662 edre.
827 1620 856 1664 ο.
875 1600 933 1662 175
949 1597 1155 1680 compositum
1177 1615 1246 1664 esse
1267 1615 1364 1679 supra
1383 1595 1466 1684 (pag.
1485 1593 1540 1682 21)

318 1709 386 1775 veri
408 1708 485 1775 satis
508 1708 610 1776 simile
632 1708 833 1776 reddidimus.
873 1709 1068 1792 Itaqueiam
1090 1713 1163 1776 ante
1185 1707 1390 1775 Commodum
1410 1709 1543 1792 impera-

315 1823 416 1886 torem
437 1819 585 1886 instituta
607 1825 681 1887 sunt
703 1839 834 1905 eamque
856 1821 896 1888 ob
919 1839 1045 1888 eausam
1072 1819 1205 1904 amplius
1234 1839 1297 1887 non
1320 1819 1438 1904 poterit
1459 1820 1541 1902 eogi-

315 1930 378 1998 tari
399 1931 438 1998 de
460 1929 542 1998 Geta
562 1937 595 2000 et
615 1931 777 2000 Carneadia
799 1931 1011 2019 Φιλαδέλφοις.
1056 1932 1251 2016 Quanquam
1274 1931 1313 1998 de
1334 1931 1456 1998 duobus
1478 1949 1542 1997 una

314 2043 541 2126 imperantibus
564 2044 744 2126 eisdemque
765 2044 916 2112 iratribus
939 2045 1116 2112 etiamnunc
1142 2045 1282 2128 intellegi
1303 2049 1436 2126 oportet.
1473 2045 1541 2110 Iarn

314 2155 537 2238 quaerentibus
559 2155 649 2223 nobis
672 2156 712 2222 de
734 2156 778 2222 eis
800 2156 1042 2240 imperatoribus
1065 2157 1169 2224 neseio
1184 2175 1225 2222 an
1240 2155 1317 2222 nulli
1331 2155 1385 2222 alii
1399 2173 1434 2222 se
1452 2173 1542 2238 prae·

313 2266 411 2334 beant
438 2266 499 2333 nisi
525 2267 702 2334 Antoninus
730 2267 938 2350 Philosophus
968 2273 1000 2336 et
1028 2287 1121 2352 quern
1148 2267 1200 2335 hie
1229 2287 1259 2334 a.
1291 2272 1349 2333 161
1374 2266 1541 2333 Gaesarem

313 2378 489 2462 adsumpsit
504 2378 619 2446 Lucius
634 2379 746 2446 Verus.
781 2381 824 2447 Et
838 2399 912 2448 vero
928 2380 962 2446 hi
979 2381 1034 2446 uni
1055 2386 1181 2462 praeter
1202 2384 1324 2448 eeteros
1345 2379 1378 2444 in
1403 2371 1542 2444 titulis

313 2488 446 2556 audiunt
468 2487 664 2576 Φιλάδελφοι.
701 2491 788 2570 Quae
810 2510 861 2558 res
883 2511 955 2559 eum
976 2492 1080 2559 adhue
1101 2491 1211 2559 doctos
1225 2491 1310 2559 viros
1332 2489 1457 2572 fugerit,
1479 2507 1542 2554 non

313 2599 425 2682 longus
446 2599 576 2667 videbor
598 2619 669 2667 eum
690 2601 804 2684 quibus
826 2602 858 2668 in
879 2602 980 2668 titulis
1001 2603 1047 2669 illi
1068 2602 1127 2670 hoo
1150 2620 1319 2686 cognomen
1345 2603 1461 2686 gerunt
1487 2617 1541 2666 eos

313 2709 365 2777 hia
386 2710 540 2779 adscribo.

418 2854 445 2920 1.
487 2849 603 2933 Apud
634 2851 747 2919 Rosa.
782 2851 826 2920 de
859 2851 953 2920 dem.
987 2871 1045 2919 no.
1076 2855 1132 2918 66.
1165 2887 1207 2899 —
1239 2845 1390 2917 Pittak.
1425 2847 1541 2916 l'ane.

488 2958 664 3028 Athenas
686 2981 772 3046 pag.
795 2967 858 3030 494

770 3085 832 3154 Ἐπί
855 3090 937 3180 νείκη
960 3091 1009 3155 καὶ

774 3200 861 3285 ὑγεία
883 3207 946 3268 τῶν

776 3311 872 3379 θείων
895 3315 944 3379 καὶ
965 3338 1013 3402 φι-

775 3425 941 3514 dedaleum
964 3425 1015 3490 αὖ·

771 3538 971 3624 τοκρατόρων
993 3538 1081 3624 Μάρ-

772 3671 829 3712 κου
852 3647 1005 3738 Αὖρηλίου

767 3755 961 3824 Ἀντωνείνου

773 3870 821 3934 καὶ
842 3869 974 3934 Λουκίου
996 3871 1053 3936 Ad-

771 3980 883 4069 ρηλίου
909 3981 1031 4071 θύἦρου
1054 3983 1115 4048 κτλ.

424 4124 454 4203 2.
498 4136 608 4220 Apud
630 4137 812 4204 Rossium
833 4137 1014 4219 inscript.
1038 4137 1137 4214 ined.
1162 4138 1200 4203 II
1220 4155 1304 4221 pag.
1322 4141 1367 4204 90
1389 4154 1444 4202 no.
1460 4137 1542 4201 221.

770 4265 1011 4355 Αὐ]τοκριίτορα
1025 4265 1095 4332 Καί·

772 4399 857 4464 σαρα
878 4377 1007 4464 Μάρκον
1029 4375 1085 4442 Ao’·

769 4488 880 4577 ρήλιον
898 4484 1051 4553 'Aurora-

774 4603 840 4680 [νον
862 4601 880 4663 d
904 4599 1087 4689 ἀρχιε]ρεὺς
