3418 5340
872 400 1062 460 ..2-

361 586 543 670 obloquitur
564 584 714 653 Corsinus
737 584 835 668 (Fast.
859 585 925 650 nrt.
949 585 1002 664 IV,
1025 602 1097 668 pag.
1123 589 1207 661 174).
1252 584 1351 649 Immo
1375 603 1413 650 ex
1428 583 1583 651 Montlau-

361 699 442 764 conii
465 698 672 780 descriptione
694 696 859 762 marmoris
883 696 1007 762 demum
1029 695 1231 778 intellegitur,
1261 699 1317 776 qur
1345 694 1413 762 fieri
1435 697 1582 779 potuerit,

361 814 398 874 ut
420 810 473 874 alii
496 809 588 874 aliter
618 808 650 872 in
683 807 775 872 editis
808 805 976 887 lragmenti
999 806 1014 870 Ι
1036 807 1186 889 exemplis
1207 813 1273 874 tres
1305 807 1390 874 tituli
1423 808 1582 875 columnas
1675 879 1678 890 ,

361 922 443 986 inter
476 940 511 986 se
544 918 772 986 collocaverint.
829 918 872 982 Et
904 935 978 984 vero
1002 916 1201 986 Cumanndes
1234 919 1273 984 ad
1307 921 1355 984 tit.
1387 917 1450 984 dri.
1472 921 1497 999 Ι,
1520 924 1582 984 479

362 1036 518 1097 annotat:
543 1029 611 1092 »ἐπὶ
634 1033 728 1116 τριῶν
751 1026 903 1116 repellor
925 1025 1012 1092 λίθου
1035 1027 1253 1117 Πεντολεσίοο,
1276 1031 1358 1116 ἅπερ
1388 1030 1583 1116 σοναρμοζό-
1682 1069 1683 1116 r

359 1165 440 1228 μενοι
463 1142 647 1206 ἀποτελοῦσι
670 1137 827 1223 (κολοβὸν)
852 1143 944 1224 σῶμα
960 1141 1137 1225 τριγωνικὸν
1149 1164 1191 1225 με
1207 1141 1345 1227 πλευρὰς
1359 1141 1581 1225 ὑποκοίλοοςςι
1682 1131 1683 1162 ³

361 1253 506 1334 idemque
525 1254 565 1318 ad
589 1251 632 1332 II,
657 1249 733 1317 184:
766 1251 1047 1338 »παρεπορήσαμεν
1076 1253 1122 1316 ὅτι
1153 1251 1229 1315 εἶναι
1258 1253 1417 1342 σχήματος
1448 1275 1583 1339 τριγωνι-

361 1367 434 1428 κοῡα
460 1369 518 1430 cet.
565 1362 647 1428 Sane
670 1381 744 1444 ergo
767 1361 976 1443 intellegenda
998 1367 1047 1428 est
1069 1363 1220 1429 turricula
1241 1381 1341 1444 eaque
1362 1363 1525 1445 trigona
1547 1381 1584 1429 ac

360 1494 423 1541 non
444 1512 488 1522 -
509 1475 541 1538 in
564 1492 626 1556 quo
649 1471 797 1538 Corsinus
821 1472 938 1538 erravit
960 1510 1001 1519 -
1023 1473 1227 1553 quadrata.
1271 1474 1309 1538 In
1331 1473 1456 1556 trigona
1478 1479 1584 1540 autem

361 1585 523 1665 turricula,
557 1584 651 1650 sicuti
682 1583 715 1649 in
736 1583 881 1664 rotunda,
909 1581 980 1649 fieri
1009 1601 1111 1666 posse,
1138 1588 1175 1648 ut
1202 1603 1240 1650 11
1267 1600 1348 1664 quac
1376 1585 1487 1650 ultimo
1516 1585 1584 1650 loco

361 1701 435 1762 sunt
456 1697 582 1778 scripta,
605 1696 750 1777 legantur
772 1700 923 1775 anquam
938 1695 1002 1762 sint
1015 1695 1125 1778 prima,
1145 1683 1219 1778 'quis
1241 1701 1289 1762 est
1304 1697 1380 1778 quin
1395 1694 1583 1779 intellegat?

361 1808 473 1887 Itaque
496 1807 549 1889 qui
571 1806 702 1889 primam
725 1806 900 1872 columnam
923 1824 1001 1885 eam,
1024 1825 1105 1888 quae
1127 1825 1146 1871 a
1167 1807 1253 1872 tribu
1273 1805 1453 1890 Cecropide,
1475 1824 1583 1873 sccun-

360 1918 432 1983 dam
456 1937 536 2001 quae
558 1936 577 1983 a
599 1935 674 1982 voce
699 1915 837 1996 »decis«,
861 1917 996 1997 tertiam,
1025 1936 1106 1999 quae
1129 1936 1148 1982 a
1170 1917 1256 1983 tribu
1277 1917 1486 1984 Erechtheidc
1508 1917 1585 1982 inci-

358 2030 414 2112 pit,
437 2029 654 2109 exhihuerunt,
676 2045 737 2093 non
761 2046 797 2092 eo
820 2028 972 2110 arguendi
994 2033 1077 2107 sunt,
1100 2027 1175 2108 qnia
1196 2027 1276 2094 falso
1292 2028 1513 2111 descripserint
1527 2028 1584 2093 sed

358 2141 442 2222 quod
464 2159 526 2206 non
548 2159 569 2204 a
590 2140 692 2222 prima
714 2139 858 2205 columna
872 2140 904 2203 in
918 2138 1050 2220 legendo
1066 2137 1157 2204 titulo
1172 2138 1296 2205 initium
1312 2139 1461 2221 ceperint.
1485 2139 1583 2206 Unice
1684 2147 1685 2180 ³

358 2257 464 2318 autem
484 2255 571 2319 recta
593 2251 808 2317 columnarum
831 2249 999 2329 descriptio
1028 2267 1098 2314 curn
1130 2268 1188 2331 per
1220 2268 1255 2316 se
1284 2252 1362 2316 satis
1395 2255 1483 2332 patet
1515 2255 1583 2316 turn

357 2361 468 2444 fragm.
482 2362 513 2426 Il
528 2362 692 2443 perspicue
716 2360 967 2442 demonstratur;
991 2359 1191 2426 Cumanudes
1213 2361 1360 2426 nimirum
1382 2380 1401 2428 a
1422 2368 1510 2428 recta
1533 2378 1583 2426 co·

357 2471 464 2536 lomna
486 2471 517 2535 in
539 2471 672 2553 legando
694 2469 852 2552 proiectus
876 2474 933 2535 est.
979 2471 1070 2536 Unde
1093 2473 1302 2552 cognoscitur,
1324 2491 1364 2538 ne
1386 2471 1580 2538 Boeckhium

358 2583 485 2663 quidem
507 2588 592 2648 recte
615 2581 774 2648 columnas
797 2581 999 2663 disposuisse,
1022 2582 1106 2664 quod
1128 2601 1199 2648 cum
1221 2584 1288 2664 ipse
1311 2603 1373 2650 non
1401 2584 1460 2650 sub
1483 2581 1582 2648 oculis

357 2693 503 2760 hahuerit
529 2710 674 2772 marmor,
708 2710 771 2757 non
805 2697 853 2756 est
882 2691 1004 2758 mirum.
1057 2693 1169 2774 Itaque
1202 2712 1268 2775 1111,
1301 2694 1412 2760 relicta
1433 2693 1583 2760 Boackhii

359 2805 571 2886 dispositione,
594 2803 694 2885 primo
716 2802 783 2868 loco
806 2802 1035 2883 collocavimus,
1058 2820 1139 2883 quae
1161 2803 1194 2869 in
1217 2803 1252 2869 0.
1276 2805 1300 2871 Ι.
1324 2809 1384 2870 281
1409 2810 1457 2871 est
1479 2805 1584 2870 medio

359 2913 521 2993 columna;
544 2913 726 2995 secundam,
758 2933 839 2995 quae
861 2914 905 2980 ibi
934 2915 1044 2996 prima.
1088 2913 1223 2980 Errasse
1252 2915 1387 2997 denique
1409 2914 1583 2995 Corsinum,

359 3025 410 3102 (F.
433 3027 470 3090 A.
494 3025 509 3088 Ι
532 3041 602 3106 pag.
629 3025 702 3106 174)
725 3024 810 3105 quod
831 3025 964 3105 primam
986 3042 1068 3104 quae
1098 3043 1181 3090 nunc
1210 3025 1379 3092 collocetur
1409 3025 1583 3092 columnam

362 3135 507 3216 superius
529 3132 626 3200 fuisse
654 3135 804 3216 scriptam
838 3136 1011 3216 censuerit,
1041 3137 1107 3217 jam
1140 3155 1223 3228 nunc
1245 3136 1410 3202 manifesto
1443 3143 1583 3219 apparet,

360 3246 475 3327 quippe
497 3243 672 3326 fragmento
694 3245 728 3310 ΙΙ
750 3265 860 3312 revera
882 3250 948 3312 tres
977 3247 1176 3313 continentur
1209 3247 1380 3327 columnae,
1400 3267 1461 3314 non
1484 3285 1525 3294 -
1548 3247 1582 3312 id

361 3357 445 3439 qnod
467 3372 505 3422 ex
528 3356 650 3422 Corsini
672 3357 829 3422 sententia
852 3355 1029 3424 efficeretur
1051 3395 1092 3405 -
1115 3359 1196 3425 duae
1219 3359 1444 3425 tantummodo.
1481 3359 1584 3424 Mont-

360 3466 496 3534 fanconii
518 3466 537 3531 l.
564 3467 595 3547 l.,
619 3465 741 3532 Gorsini
762 3466 782 3531 l.
806 3467 837 3546 l.,
860 3467 994 3547 denique
1017 3467 1106 3533 Gorii
1134 3467 1287 3555 (inscript.
1309 3469 1417 3535 Etrur.
1440 3470 1456 3534 Ι
1477 3489 1506 3536 n.
1529 3470 1582 3551 86)

364 3580 506 3662 exempla
530 3578 729 3645 editadenuo
752 3579 948 3645 contulimus.
983 3579 1045 3645 Sed
1068 3579 1146 3644 nihil
1167 3581 1271 3662 magni
1294 3581 1457 3661 momenti,
1479 3580 1584 3662 quoad

360 3691 465 3756 varias
505 3689 672 3770 lectiones,
706 3709 745 3755 ex
772 3690 858 3754 hisce
886 3691 1091 3772 repetendum
1114 3696 1197 3771 erat,
1231 3692 1316 3771 quod
1354 3710 1417 3758 non
1452 3698 1485 3757 et
1516 3692 1584 3773 ipsc

361 3801 537 3867 Boeolrhius
560 3802 622 3865 iam
644 3801 806 3882 receperit.
856 3799 1016 3866 Nonnulla
1042 3807 1157 3882 tamen,
1188 3820 1226 3867 ex
1249 3800 1345 3868 Gorio
1374 3807 1431 3869 aut
1453 3801 1583 3868 Corsino

361 3931 381 3978 a
403 3914 491 3980 nohis
515 3919 649 3994 sumpta,
672 3930 730 3978 sua
751 3911 819 3976 loco
841 3912 1029 3978 notabimus.

446 4025 514 4089 Iam
537 4029 572 4088 ut
594 4021 703 4105 fragm.
727 4023 752 4101 1,
776 4023 808 4087 ΙΙ
829 4024 922 4088 unius
945 4025 1156 4105 inscriptionis
1179 4043 1247 4090 1111
1275 4026 1447 4106 particulas
1475 4026 1584 4093 docea-

360 4154 440 4215 mus,
462 4153 524 4200 non
547 4151 626 4214 opus
647 4139 697 4199 est
719 4134 834 4200 multis.
868 4135 1007 4200 Primum
1030 4140 1198 4218 utrumque
1213 4135 1422 4218 fragmentum
1437 4137 1478 4204 ad
1492 4139 1584 4220 ephe·

361 4248 473 4314 borum
496 4263 547 4311 res
570 4249 713 4328 spectare
737 4264 817 4312 unus
840 4246 973 4329 quisque
995 4247 1044 4311 vel
1067 4247 1167 4327 primo
1189 4248 1303 4314 obtutu
1318 4249 1486 4331 cognoscit.
1525 4250 1584 4314 Est

361 4359 507 4424 nimirum
529 4362 699 4436 utrumque
726 4356 882 4439 particula
911 4355 1046 4439 catalogi
1076 4358 1282 4441 epheborum,
1319 4359 1429 4442 quales
1457 4360 1583 4443 plurimi

360 4469 464 4536 adhuc
486 4468 620 4534 Athenis
642 4472 718 4534 sunt
738 4467 866 4534 inventi.
913 4469 1042 4536 Accedit
1063 4471 1148 4552 quod
1170 4487 1251 4551 quae
1277 4470 1310 4536 in
1332 4469 1443 4553 fragm.
1466 4471 1483 4536 1
1504 4472 1584 4538 desi·

332 4575 337 4582 '
361 4580 521 4662 derantur,
544 4577 610 4646 fero
632 4583 745 4646 cuncta
767 4580 798 4644 in
821 4578 921 4646 altero
943 4579 1154 4647 inveniuntur.
1198 4580 1236 4645 In
1264 4580 1358 4648 huius
1380 4581 1504 4664 generis
1520 4582 1582 4650 sei-
